Station,Date,Influx,Tickets,Pre-booked,Onspot,Revenue
ST01,1/1/2022,8373,2775,2407,368,13875
ST01,1/2/2022,6192,5854,4923,931,29270
ST01,1/3/2022,9111,4956,4366,590,24780
ST01,1/4/2022,4808,982,768,214,4910
ST01,1/5/2022,9646,4988,4421,567,24940
ST01,1/6/2022,8507,5703,4656,1047,28515
ST01,1/7/2022,4456,839,708,131,4195
ST01,1/8/2022,6814,5520,5042,478,27600
ST01,1/9/2022,9253,7318,5712,1606,36590
ST01,1/10/2022,6764,3168,2270,898,15840
ST01,1/11/2022,8366,7295,5779,1516,36475
ST01,1/12/2022,7496,7333,5622,1711,36665
ST01,1/13/2022,9602,3299,2705,594,16495
ST01,1/14/2022,3986,2148,1851,297,10740
ST01,1/15/2022,5335,1919,1594,325,9595
ST01,1/16/2022,7502,6941,4988,1953,34705
ST01,1/17/2022,5921,4297,3881,416,21485
ST01,1/18/2022,3575,2681,2393,288,13405
ST01,1/19/2022,5375,3662,3168,494,18310
ST01,1/20/2022,9268,1837,1618,219,9185
ST01,1/21/2022,6646,1695,1250,445,8475
ST01,1/22/2022,9771,1693,1382,311,8465
ST01,1/23/2022,8457,1262,979,283,6310
ST01,1/24/2022,7686,6842,5086,1756,34210
ST01,1/25/2022,3761,2857,2375,482,14285
ST01,1/26/2022,3819,2491,2249,242,12455
ST01,1/27/2022,6171,5342,4029,1313,26710
ST01,1/28/2022,7295,6714,5214,1500,33570
ST01,1/29/2022,4536,1030,940,90,5150
ST01,1/30/2022,3160,609,454,155,3045
ST01,1/31/2022,3675,2148,1794,354,10740
ST01,2/1/2022,9721,9442,7389,2053,47210
ST01,2/2/2022,3885,1366,1255,111,6830
ST01,2/3/2022,7308,3604,3185,419,18020
ST01,2/4/2022,8681,5312,3898,1414,26560
ST01,2/5/2022,7714,1078,967,111,5390
ST01,2/6/2022,5924,1951,1644,307,9755
ST01,2/7/2022,3639,1827,1548,279,9135
ST01,2/8/2022,8815,7204,5975,1229,36020
ST01,2/9/2022,6355,5699,4988,711,28495
ST01,2/10/2022,8270,2759,1984,775,13795
ST01,2/11/2022,5791,4114,3192,922,20570
ST01,2/12/2022,8766,7044,5242,1802,35220
ST01,2/13/2022,5926,3258,2802,456,16290
ST01,2/14/2022,6733,5796,4575,1221,28980
ST01,2/15/2022,5456,3590,2587,1003,17950
ST01,2/16/2022,8948,1809,1274,535,9045
ST01,2/17/2022,3686,2578,2327,251,12890
ST01,2/18/2022,7961,7155,5932,1223,35775
ST01,2/19/2022,3565,2201,1687,514,11005
ST01,2/20/2022,7045,3828,3269,559,19140
ST01,2/21/2022,3285,1058,869,189,5290
ST01,2/22/2022,9772,9173,6797,2376,45865
ST01,2/23/2022,4586,2740,2411,329,13700
ST01,2/24/2022,6187,3193,2851,342,15965
ST01,2/25/2022,3589,1957,1796,161,9785
ST01,2/26/2022,6494,3157,2604,553,15785
ST01,2/27/2022,9718,7762,7031,731,38810
ST01,2/28/2022,5232,4155,3370,785,20775
ST01,3/1/2022,6535,1615,1457,158,8075
ST01,3/2/2022,7855,5454,4370,1084,27270
ST01,3/3/2022,4423,1876,1469,407,9380
ST01,3/4/2022,4490,3628,3263,365,18140
ST01,3/5/2022,8507,7292,6353,939,36460
ST01,3/6/2022,8637,4585,4175,410,22925
ST01,3/7/2022,3104,631,477,154,3155
ST01,3/8/2022,9144,5718,4872,846,28590
ST01,3/9/2022,7946,5207,4228,979,26035
ST01,3/10/2022,8503,2121,1669,452,10605
ST01,3/11/2022,3927,1327,1102,225,6635
ST01,3/12/2022,5206,2464,2208,256,12320
ST01,3/13/2022,9921,4963,4140,823,24815
ST01,3/14/2022,3304,1679,1185,494,8395
ST01,3/15/2022,9186,2030,1827,203,10150
ST01,3/16/2022,9451,3693,3203,490,18465
ST01,3/17/2022,4579,906,802,104,4530
ST01,3/18/2022,4622,2135,1918,217,10675
ST01,3/19/2022,3576,2100,1484,616,10500
ST01,3/20/2022,9956,5219,4153,1066,26095
ST01,3/21/2022,7393,7240,5916,1324,36200
ST01,3/22/2022,7281,5339,4250,1089,26695
ST01,3/23/2022,9692,7978,5585,2393,39890
ST01,3/24/2022,9333,6173,5673,500,30865
ST01,3/25/2022,6091,3878,2739,1139,19390
ST01,3/26/2022,3849,801,666,135,4005
ST01,3/27/2022,8715,3488,2639,849,17440
ST01,3/28/2022,3423,2651,2064,587,13255
ST01,3/29/2022,4154,3433,2939,494,17165
ST01,3/30/2022,9787,9406,7473,1933,47030
ST01,3/31/2022,5544,5190,3916,1274,25950
ST01,4/1/2022,5037,3231,2446,785,16155
ST01,4/2/2022,7645,6666,5371,1295,33330
ST01,4/3/2022,5926,1667,1200,467,8335
ST01,4/4/2022,5280,2172,1632,540,10860
ST01,4/5/2022,8294,2453,1822,631,12265
ST01,4/6/2022,3962,2302,1685,617,11510
ST01,4/7/2022,6010,2841,2165,676,14205
ST01,4/8/2022,7257,1286,955,331,6430
ST01,4/9/2022,7396,6344,5368,976,31720
ST01,4/10/2022,6466,3101,2237,864,15505
ST01,4/11/2022,3954,908,791,117,4540
ST01,4/12/2022,7082,3659,2592,1067,18295
ST01,4/13/2022,7919,1052,854,198,5260
ST01,4/14/2022,7163,1684,1212,472,8420
ST01,4/15/2022,4546,3743,3124,619,18715
ST01,4/16/2022,9269,4406,4008,398,22030
ST01,4/17/2022,8257,7168,5985,1183,35840
ST01,4/18/2022,4983,4358,3277,1081,21790
ST01,4/19/2022,5260,4630,3425,1205,23150
ST01,4/20/2022,5379,3623,2918,705,18115
ST01,4/21/2022,8196,1596,1118,478,7980
ST01,4/22/2022,3337,2877,2542,335,14385
ST01,4/23/2022,3936,1529,1167,362,7645
ST01,4/24/2022,9060,2305,1630,675,11525
ST01,4/25/2022,5584,4978,3822,1156,24890
ST01,4/26/2022,9844,1380,1098,282,6900
ST01,4/27/2022,9508,4162,2969,1193,20810
ST01,4/28/2022,6295,5286,4762,524,26430
ST01,4/29/2022,8614,5627,5143,484,28135
ST01,4/30/2022,3652,965,856,109,4825
ST01,5/1/2022,9896,2612,1956,656,13060
ST01,5/2/2022,5169,2383,2101,282,11915
ST01,5/3/2022,9470,6115,4994,1121,30575
ST01,5/4/2022,5163,2443,1843,600,12215
ST01,5/5/2022,3389,1163,833,330,5815
ST01,5/6/2022,7724,7187,5742,1445,35935
ST01,5/7/2022,5009,1778,1600,178,8890
ST01,5/8/2022,7130,1048,921,127,5240
ST01,5/9/2022,7347,5524,5061,463,27620
ST01,5/10/2022,9645,2608,2270,338,13040
ST01,5/11/2022,6766,5092,4257,835,25460
ST01,5/12/2022,4770,1370,1120,250,6850
ST01,5/13/2022,6443,2766,2462,304,13830
ST01,5/14/2022,5333,3533,2500,1033,17665
ST01,5/15/2022,5852,3141,2747,394,15705
ST01,5/16/2022,8118,6369,5397,972,31845
ST01,5/17/2022,4588,2186,1583,603,10930
ST01,5/18/2022,6480,1179,955,224,5895
ST01,5/19/2022,5268,5054,3604,1450,25270
ST01,5/20/2022,4581,3456,3051,405,17280
ST01,5/21/2022,8571,5612,4116,1496,28060
ST01,5/22/2022,9545,4318,3953,365,21590
ST01,5/23/2022,7670,3560,2867,693,17800
ST01,5/24/2022,9621,5452,4871,581,27260
ST01,5/25/2022,3851,3440,2802,638,17200
ST01,5/26/2022,9529,5750,4402,1348,28750
ST01,5/27/2022,5971,1347,1127,220,6735
ST01,5/28/2022,8609,6033,4792,1241,30165
ST01,5/29/2022,7091,3806,3064,742,19030
ST01,5/30/2022,8813,6502,4848,1654,32510
ST01,5/31/2022,3047,381,339,42,1905
ST01,6/1/2022,3658,1974,1595,379,9870
ST01,6/2/2022,5959,3171,2553,618,15855
ST01,6/3/2022,3717,2373,2044,329,11865
ST01,6/4/2022,4107,1852,1338,514,9260
ST01,6/5/2022,5827,4969,4549,420,24845
ST01,6/6/2022,9440,4649,4191,458,23245
ST01,6/7/2022,7373,6823,4836,1987,34115
ST01,6/8/2022,7857,4462,4034,428,22310
ST01,6/9/2022,5587,5396,3832,1564,26980
ST01,6/10/2022,5202,4072,3126,946,20360
ST01,6/11/2022,7729,4818,3793,1025,24090
ST01,6/12/2022,5379,5240,3729,1511,26200
ST01,6/13/2022,8294,1805,1595,210,9025
ST01,6/14/2022,8400,2673,2348,325,13365
ST01,6/15/2022,8254,6740,5850,890,33700
ST01,6/16/2022,7132,4728,4186,542,23640
ST01,6/17/2022,7320,6440,4785,1655,32200
ST01,6/18/2022,7088,6155,4377,1778,30775
ST01,6/19/2022,8133,2504,2145,359,12520
ST01,6/20/2022,8224,5801,4911,890,29005
ST01,6/21/2022,4597,2010,1601,409,10050
ST01,6/22/2022,8536,4060,3562,498,20300
ST01,6/23/2022,9138,6965,5122,1843,34825
ST01,6/24/2022,4302,1042,759,283,5210
ST01,6/25/2022,4858,1275,921,354,6375
ST01,6/26/2022,7740,4266,3075,1191,21330
ST01,6/27/2022,3273,1764,1307,457,8820
ST01,6/28/2022,5022,1425,1261,164,7125
ST01,6/29/2022,4307,1141,969,172,5705
ST01,6/30/2022,7656,7509,5959,1550,37545
ST01,7/1/2022,5107,2733,2314,419,13665
ST01,7/2/2022,7127,3510,3193,317,17550
ST01,7/3/2022,5734,5456,3899,1557,27280
ST01,7/4/2022,9694,5938,5286,652,29690
ST01,7/5/2022,7448,1844,1456,388,9220
ST01,7/6/2022,8610,2102,1809,293,10510
ST01,7/7/2022,5187,2439,2055,384,12195
ST01,7/8/2022,5438,3508,2461,1047,17540
ST01,7/9/2022,9561,1549,1105,444,7745
ST01,7/10/2022,3058,2763,1950,813,13815
ST01,7/11/2022,7173,6812,5390,1422,34060
ST01,7/12/2022,6679,3244,2386,858,16220
ST01,7/13/2022,5274,3495,2691,804,17475
ST01,7/14/2022,6820,2277,2060,217,11385
ST01,7/15/2022,4915,2607,2231,376,13035
ST01,7/16/2022,6879,5815,5313,502,29075
ST01,7/17/2022,5708,2722,2060,662,13610
ST01,7/18/2022,6611,4263,3646,617,21315
ST01,7/19/2022,4243,1501,1072,429,7505
ST01,7/20/2022,6521,1902,1483,419,9510
ST01,7/21/2022,8637,5825,4137,1688,29125
ST01,7/22/2022,8778,2070,1555,515,10350
ST01,7/23/2022,4820,3047,2702,345,15235
ST01,7/24/2022,3106,1027,780,247,5135
ST01,7/25/2022,5899,2887,2572,315,14435
ST01,7/26/2022,8133,1738,1317,421,8690
ST01,7/27/2022,7053,1645,1283,362,8225
ST01,7/28/2022,8874,1252,1025,227,6260
ST01,7/29/2022,5282,1958,1509,449,9790
ST01,7/30/2022,7500,3595,3262,333,17975
ST01,7/31/2022,8941,1524,1127,397,7620
ST01,8/1/2022,3861,2726,2110,616,13630
ST01,8/2/2022,7932,7172,5467,1705,35860
ST01,8/3/2022,5384,3876,3235,641,19380
ST01,8/4/2022,4004,1772,1300,472,8860
ST01,8/5/2022,4446,1839,1531,308,9195
ST01,8/6/2022,8923,2115,1638,477,10575
ST01,8/7/2022,5323,3167,2460,707,15835
ST01,8/8/2022,7461,3492,2469,1023,17460
ST01,8/9/2022,5085,1969,1557,412,9845
ST01,8/10/2022,9701,8399,6095,2304,41995
ST01,8/11/2022,5122,979,816,163,4895
ST01,8/12/2022,8322,5937,5191,746,29685
ST01,8/13/2022,8012,6654,4837,1817,33270
ST01,8/14/2022,3716,1375,1219,156,6875
ST01,8/15/2022,7358,3088,2208,880,15440
ST01,8/16/2022,3611,1132,829,303,5660
ST01,8/17/2022,6676,1307,1109,198,6535
ST01,8/18/2022,7990,2874,2328,546,14370
ST01,8/19/2022,5046,4472,3892,580,22360
ST01,8/20/2022,4803,1845,1570,275,9225
ST01,8/21/2022,3374,2522,1926,596,12610
ST01,8/22/2022,8907,5755,5207,548,28775
ST01,8/23/2022,6534,4253,3321,932,21265
ST01,8/24/2022,3562,2935,2367,568,14675
ST01,8/25/2022,5345,4067,3307,760,20335
ST01,8/26/2022,3951,2132,1715,417,10660
ST01,8/27/2022,3654,814,602,212,4070
ST01,8/28/2022,4893,2139,1549,590,10695
ST01,8/29/2022,5596,1748,1547,201,8740
ST01,8/30/2022,9040,1693,1542,151,8465
ST01,8/31/2022,5227,1841,1508,333,9205
ST01,9/1/2022,6731,3510,2752,758,17550
ST01,9/2/2022,3054,2623,1841,782,13115
ST01,9/3/2022,4161,3794,3131,663,18970
ST01,9/4/2022,3656,1233,1131,102,6165
ST01,9/5/2022,6682,1613,1173,440,8065
ST01,9/6/2022,4825,1047,737,310,5235
ST01,9/7/2022,9435,7867,6388,1479,39335
ST01,9/8/2022,4797,2616,2087,529,13080
ST01,9/9/2022,9173,7338,5421,1917,36690
ST01,9/10/2022,8099,4030,3559,471,20150
ST01,9/11/2022,9797,3601,3093,508,18005
ST01,9/12/2022,9351,5022,4362,660,25110
ST01,9/13/2022,6961,4143,3735,408,20715
ST01,9/14/2022,6571,1969,1421,548,9845
ST01,9/15/2022,3126,2239,2014,225,11195
ST01,9/16/2022,8555,7728,5743,1985,38640
ST01,9/17/2022,3702,2245,1600,645,11225
ST01,9/18/2022,9902,9645,8257,1388,48225
ST01,9/19/2022,5411,2547,2027,520,12735
ST01,9/20/2022,8250,6332,5237,1095,31660
ST01,9/21/2022,6698,4794,4132,662,23970
ST01,9/22/2022,4843,1516,1226,290,7580
ST01,9/23/2022,5908,2787,2176,611,13935
ST01,9/24/2022,4111,1193,876,317,5965
ST01,9/25/2022,3651,721,515,206,3605
ST01,9/26/2022,5100,2980,2468,512,14900
ST01,9/27/2022,5306,4499,3440,1059,22495
ST01,9/28/2022,6740,4034,2921,1113,20170
ST01,9/29/2022,3205,2213,1840,373,11065
ST01,9/30/2022,6540,4636,3371,1265,23180
ST01,10/1/2022,9319,2401,2092,309,12005
ST01,10/2/2022,9813,4926,4160,766,24630
ST01,10/3/2022,9855,8241,6489,1752,41205
ST01,10/4/2022,8172,2896,2274,622,14480
ST01,10/5/2022,3154,2236,2046,190,11180
ST01,10/6/2022,7354,3837,2689,1148,19185
ST01,10/7/2022,3805,1367,1094,273,6835
ST01,10/8/2022,8950,2543,2157,386,12715
ST01,10/9/2022,5546,3869,2870,999,19345
ST01,10/10/2022,3252,2372,2012,360,11860
ST01,10/11/2022,5961,4363,3961,402,21815
ST01,10/12/2022,5859,4405,3221,1184,22025
ST01,10/13/2022,5237,2524,2028,496,12620
ST01,10/14/2022,8033,3453,3141,312,17265
ST01,10/15/2022,7299,1031,928,103,5155
ST01,10/16/2022,4833,4702,3856,846,23510
ST01,10/17/2022,7760,5054,3667,1387,25270
ST01,10/18/2022,9386,6110,5296,814,30550
ST01,10/19/2022,7270,3363,3055,308,16815
ST01,10/20/2022,8707,3552,2902,650,17760
ST01,10/21/2022,4731,3601,3110,491,18005
ST01,10/22/2022,4526,2518,1938,580,12590
ST01,10/23/2022,3591,2865,2263,602,14325
ST01,10/24/2022,3213,1474,1163,311,7370
ST01,10/25/2022,5470,4684,4048,636,23420
ST01,10/26/2022,3547,805,579,226,4025
ST01,10/27/2022,8733,2305,1876,429,11525
ST01,10/28/2022,7122,5164,4067,1097,25820
ST01,10/29/2022,3351,622,552,70,3110
ST01,10/30/2022,8589,4169,3021,1148,20845
ST01,10/31/2022,7237,6774,5367,1407,33870
ST01,11/1/2022,4875,1765,1434,331,8825
ST01,11/2/2022,5010,1626,1161,465,8130
ST01,11/3/2022,8383,6378,5864,514,31890
ST01,11/4/2022,5658,3522,2978,544,17610
ST01,11/5/2022,5055,681,562,119,3405
ST01,11/6/2022,8747,8592,7539,1053,42960
ST01,11/7/2022,4670,4336,3173,1163,21680
ST01,11/8/2022,6739,3824,2755,1069,19120
ST01,11/9/2022,9081,2621,1844,777,13105
ST01,11/10/2022,6355,5748,4159,1589,28740
ST01,11/11/2022,6164,5309,4735,574,26545
ST01,11/12/2022,7585,1924,1371,553,9620
ST01,11/13/2022,8290,7471,6336,1135,37355
ST01,11/14/2022,3346,451,377,74,2255
ST01,11/15/2022,9262,1830,1299,531,9150
ST01,11/16/2022,9927,6887,6197,690,34435
ST01,11/17/2022,7398,6962,5366,1596,34810
ST01,11/18/2022,7465,4082,3024,1058,20410
ST01,11/19/2022,6638,1676,1490,186,8380
ST01,11/20/2022,8143,1642,1368,274,8210
ST01,11/21/2022,6532,4722,3639,1083,23610
ST01,11/22/2022,7216,3734,2709,1025,18670
ST01,11/23/2022,3199,831,615,216,4155
ST01,11/24/2022,6371,4339,3088,1251,21695
ST01,11/25/2022,6104,2288,1778,510,11440
ST01,11/26/2022,9972,2400,1930,470,12000
ST01,11/27/2022,8856,8185,6168,2017,40925
ST01,11/28/2022,3733,1239,1066,173,6195
ST01,11/29/2022,4533,3628,3194,434,18140
ST01,11/30/2022,8082,5110,4477,633,25550
ST01,12/1/2022,5703,1700,1347,353,8500
ST01,12/2/2022,7726,955,832,123,4775
ST01,12/3/2022,7287,3305,2983,322,16525
ST01,12/4/2022,6089,4008,3668,340,20040
ST01,12/5/2022,7417,5350,4241,1109,26750
ST01,12/6/2022,7910,2331,1747,584,11655
ST01,12/7/2022,4055,905,801,104,4525
ST01,12/8/2022,8880,2246,1580,666,11230
ST01,12/9/2022,3046,1983,1749,234,9915
ST01,12/10/2022,4710,994,779,215,4970
ST01,12/11/2022,8181,5859,4412,1447,29295
ST01,12/12/2022,3648,1304,1048,256,6520
ST01,12/13/2022,5745,5278,4448,830,26390
ST01,12/14/2022,9287,4227,3775,452,21135
ST01,12/15/2022,5903,2063,1530,533,10315
ST01,12/16/2022,8826,1507,1168,339,7535
ST01,12/17/2022,3726,3303,2949,354,16515
ST01,12/18/2022,9444,3771,3062,709,18855
ST01,12/19/2022,9654,4377,3443,934,21885
ST01,12/20/2022,9180,5079,3681,1398,25395
ST01,12/21/2022,6209,5029,3598,1431,25145
ST01,12/22/2022,7113,1177,1011,166,5885
ST01,12/23/2022,9529,4194,2960,1234,20970
ST01,12/24/2022,7508,6296,5610,686,31480
ST01,12/25/2022,8566,2225,1731,494,11125
ST01,12/26/2022,3360,1966,1525,441,9830
ST01,12/27/2022,4864,998,859,139,4990
ST01,12/28/2022,9036,5082,3917,1165,25410
ST01,12/29/2022,7192,2172,1557,615,10860
ST01,12/30/2022,7732,2579,2073,506,12895
ST01,12/31/2022,3175,564,479,85,2820
ST02,1/1/2022,4519,3776,2842,934,18880
ST02,1/2/2022,5908,4637,3247,1390,23185
ST02,1/3/2022,6657,6240,4690,1550,31200
ST02,1/4/2022,9527,6241,5052,1189,31205
ST02,1/5/2022,9249,7558,5729,1829,37790
ST02,1/6/2022,6069,966,881,85,4830
ST02,1/7/2022,3921,704,551,153,3520
ST02,1/8/2022,7918,5829,4239,1590,29145
ST02,1/9/2022,3154,1893,1329,564,9465
ST02,1/10/2022,9177,1968,1790,178,9840
ST02,1/11/2022,5364,4169,3173,996,20845
ST02,1/12/2022,5317,3072,2635,437,15360
ST02,1/13/2022,4857,2429,2158,271,12145
ST02,1/14/2022,4508,993,750,243,4965
ST02,1/15/2022,7220,931,777,154,4655
ST02,1/16/2022,8490,6254,5315,939,31270
ST02,1/17/2022,3819,3289,2852,437,16445
ST02,1/18/2022,4856,4436,3471,965,22180
ST02,1/19/2022,3781,868,650,218,4340
ST02,1/20/2022,7650,2993,2240,753,14965
ST02,1/21/2022,8478,3244,2759,485,16220
ST02,1/22/2022,7906,1365,1092,273,6825
ST02,1/23/2022,4160,3677,3288,389,18385
ST02,1/24/2022,6390,3347,2470,877,16735
ST02,1/25/2022,4436,926,658,268,4630
ST02,1/26/2022,3141,853,706,147,4265
ST02,1/27/2022,7553,3776,3001,775,18880
ST02,1/28/2022,9625,2285,1654,631,11425
ST02,1/29/2022,8125,6188,5527,661,30940
ST02,1/30/2022,7606,2862,2286,576,14310
ST02,1/31/2022,3091,995,854,141,4975
ST02,2/1/2022,6491,5859,4390,1469,29295
ST02,2/2/2022,9269,8303,7422,881,41515
ST02,2/3/2022,3895,2108,1735,373,10540
ST02,2/4/2022,7199,1875,1570,305,9375
ST02,2/5/2022,7696,5356,4509,847,26780
ST02,2/6/2022,6400,2312,1757,555,11560
ST02,2/7/2022,8102,4899,3474,1425,24495
ST02,2/8/2022,6704,5762,5059,703,28810
ST02,2/9/2022,7014,5624,4859,765,28120
ST02,2/10/2022,3297,1923,1597,326,9615
ST02,2/11/2022,4061,3637,2672,965,18185
ST02,2/12/2022,4419,2358,1980,378,11790
ST02,2/13/2022,4415,759,562,197,3795
ST02,2/14/2022,3932,2140,1678,462,10700
ST02,2/15/2022,3247,939,834,105,4695
ST02,2/16/2022,9653,8314,6207,2107,41570
ST02,2/17/2022,6999,1456,1300,156,7280
ST02,2/18/2022,7482,1027,743,284,5135
ST02,2/19/2022,5428,2759,2204,555,13795
ST02,2/20/2022,7659,6211,4955,1256,31055
ST02,2/21/2022,4251,3259,2389,870,16295
ST02,2/22/2022,8909,1927,1687,240,9635
ST02,2/23/2022,7182,5468,3970,1498,27340
ST02,2/24/2022,8799,7568,6939,629,37840
ST02,2/25/2022,6397,3720,2665,1055,18600
ST02,2/26/2022,5534,718,653,65,3590
ST02,2/27/2022,4343,3900,2748,1152,19500
ST02,2/28/2022,5008,3725,3218,507,18625
ST02,3/1/2022,9242,4510,3702,808,22550
ST02,3/2/2022,3944,505,453,52,2525
ST02,3/3/2022,4728,2881,2287,594,14405
ST02,3/4/2022,4098,3884,2833,1051,19420
ST02,3/5/2022,9115,7624,5593,2031,38120
ST02,3/6/2022,7739,6612,5058,1554,33060
ST02,3/7/2022,4540,1373,1085,288,6865
ST02,3/8/2022,5466,4149,3357,792,20745
ST02,3/9/2022,6199,1271,1061,210,6355
ST02,3/10/2022,7921,950,716,234,4750
ST02,3/11/2022,5373,4767,3768,999,23835
ST02,3/12/2022,7675,1567,1122,445,7835
ST02,3/13/2022,3223,1691,1387,304,8455
ST02,3/14/2022,8688,5066,4298,768,25330
ST02,3/15/2022,3239,2216,1789,427,11080
ST02,3/16/2022,3763,3396,3020,376,16980
ST02,3/17/2022,8613,5127,4133,994,25635
ST02,3/18/2022,5245,4056,2891,1165,20280
ST02,3/19/2022,3363,1832,1658,174,9160
ST02,3/20/2022,3647,3367,2661,706,16835
ST02,3/21/2022,3813,2366,1956,410,11830
ST02,3/22/2022,7750,6336,5826,510,31680
ST02,3/23/2022,3535,3178,2427,751,15890
ST02,3/24/2022,6856,4131,3226,905,20655
ST02,3/25/2022,9857,7317,5586,1731,36585
ST02,3/26/2022,9088,8548,6118,2430,42740
ST02,3/27/2022,6220,2585,2210,375,12925
ST02,3/28/2022,8695,3687,2886,801,18435
ST02,3/29/2022,4894,3250,2620,630,16250
ST02,3/30/2022,3367,2686,2113,573,13430
ST02,3/31/2022,4076,1856,1654,202,9280
ST02,4/1/2022,4106,2476,2035,441,12380
ST02,4/2/2022,8815,2935,2067,868,14675
ST02,4/3/2022,8657,4702,3457,1245,23510
ST02,4/4/2022,8838,1514,1343,171,7570
ST02,4/5/2022,3653,3271,2815,456,16355
ST02,4/6/2022,9574,9312,8402,910,46560
ST02,4/7/2022,5734,3402,2652,750,17010
ST02,4/8/2022,9608,5621,4175,1446,28105
ST02,4/9/2022,4121,1142,1005,137,5710
ST02,4/10/2022,8932,7202,6368,834,36010
ST02,4/11/2022,7344,1432,1176,256,7160
ST02,4/12/2022,9800,5777,4564,1213,28885
ST02,4/13/2022,5072,3408,3049,359,17040
ST02,4/14/2022,4050,3496,3020,476,17480
ST02,4/15/2022,8612,5250,4044,1206,26250
ST02,4/16/2022,9483,5040,4551,489,25200
ST02,4/17/2022,5753,4640,3304,1336,23200
ST02,4/18/2022,8325,3230,2830,400,16150
ST02,4/19/2022,8033,917,794,123,4585
ST02,4/20/2022,9618,4971,4260,711,24855
ST02,4/21/2022,9971,5607,5006,601,28035
ST02,4/22/2022,3090,1878,1704,174,9390
ST02,4/23/2022,9794,5512,4296,1216,27560
ST02,4/24/2022,9870,5167,4610,557,25835
ST02,4/25/2022,8963,2289,1928,361,11445
ST02,4/26/2022,6888,4646,3795,851,23230
ST02,4/27/2022,6193,1265,1021,244,6325
ST02,4/28/2022,6994,3563,3217,346,17815
ST02,4/29/2022,7697,6148,4509,1639,30740
ST02,4/30/2022,4727,3359,2958,401,16795
ST02,5/1/2022,7742,7124,5105,2019,35620
ST02,5/2/2022,9513,6973,6360,613,34865
ST02,5/3/2022,3578,1833,1287,546,9165
ST02,5/4/2022,3792,1497,1134,363,7485
ST02,5/5/2022,3919,1849,1323,526,9245
ST02,5/6/2022,4488,991,865,126,4955
ST02,5/7/2022,5364,5099,3772,1327,25495
ST02,5/8/2022,8958,3658,2634,1024,18290
ST02,5/9/2022,4031,978,684,294,4890
ST02,5/10/2022,4939,1642,1307,335,8210
ST02,5/11/2022,4364,1334,962,372,6670
ST02,5/12/2022,9851,8489,6822,1667,42445
ST02,5/13/2022,4982,3918,3337,581,19590
ST02,5/14/2022,5852,3576,3008,568,17880
ST02,5/15/2022,6479,3666,2896,770,18330
ST02,5/16/2022,7372,6569,5107,1462,32845
ST02,5/17/2022,4089,756,638,118,3780
ST02,5/18/2022,8237,5416,4982,434,27080
ST02,5/19/2022,7837,2086,1703,383,10430
ST02,5/20/2022,7355,1882,1434,448,9410
ST02,5/21/2022,5311,1447,1054,393,7235
ST02,5/22/2022,3640,3056,2278,778,15280
ST02,5/23/2022,7223,6967,5266,1701,34835
ST02,5/24/2022,3340,1430,1182,248,7150
ST02,5/25/2022,3638,3017,2206,811,15085
ST02,5/26/2022,4557,3895,2878,1017,19475
ST02,5/27/2022,6970,1936,1722,214,9680
ST02,5/28/2022,7324,5632,5110,522,28160
ST02,5/29/2022,9080,2249,1687,562,11245
ST02,5/30/2022,7256,2796,2255,541,13980
ST02,5/31/2022,6298,4361,3657,704,21805
ST02,6/1/2022,3550,1437,1202,235,7185
ST02,6/2/2022,4934,2442,1983,459,12210
ST02,6/3/2022,5786,3224,2401,823,16120
ST02,6/4/2022,4948,3381,2724,657,16905
ST02,6/5/2022,9636,5286,4529,757,26430
ST02,6/6/2022,7670,6760,5976,784,33800
ST02,6/7/2022,9872,7622,6131,1491,38110
ST02,6/8/2022,5729,1951,1590,361,9755
ST02,6/9/2022,3033,1301,1021,280,6505
ST02,6/10/2022,6351,2863,2326,537,14315
ST02,6/11/2022,4016,3756,3088,668,18780
ST02,6/12/2022,7055,4664,3958,706,23320
ST02,6/13/2022,7679,5684,4719,965,28420
ST02,6/14/2022,6577,2109,1917,192,10545
ST02,6/15/2022,6662,5307,4514,793,26535
ST02,6/16/2022,8153,4878,4164,714,24390
ST02,6/17/2022,7545,3434,2548,886,17170
ST02,6/18/2022,9788,4279,3199,1080,21395
ST02,6/19/2022,9802,5984,4756,1228,29920
ST02,6/20/2022,8168,7918,6118,1800,39590
ST02,6/21/2022,5125,738,555,183,3690
ST02,6/22/2022,9576,4628,3407,1221,23140
ST02,6/23/2022,9377,7139,6013,1126,35695
ST02,6/24/2022,8894,4143,3215,928,20715
ST02,6/25/2022,6246,2994,2516,478,14970
ST02,6/26/2022,3783,2638,2059,579,13190
ST02,6/27/2022,3157,2697,2291,406,13485
ST02,6/28/2022,7808,4601,3350,1251,23005
ST02,6/29/2022,6484,3523,2545,978,17615
ST02,6/30/2022,6014,1377,1044,333,6885
ST02,7/1/2022,9622,7511,6873,638,37555
ST02,7/2/2022,9531,9209,8101,1108,46045
ST02,7/3/2022,5425,5038,4218,820,25190
ST02,7/4/2022,5079,4532,3949,583,22660
ST02,7/5/2022,6983,4841,4245,596,24205
ST02,7/6/2022,5447,3042,2655,387,15210
ST02,7/7/2022,7727,3376,2924,452,16880
ST02,7/8/2022,5386,2193,2004,189,10965
ST02,7/9/2022,6242,1525,1386,139,7625
ST02,7/10/2022,7643,6434,4779,1655,32170
ST02,7/11/2022,9620,6804,5089,1715,34020
ST02,7/12/2022,3081,814,592,222,4070
ST02,7/13/2022,4722,1214,1073,141,6070
ST02,7/14/2022,7212,3400,2668,732,17000
ST02,7/15/2022,9049,5035,4373,662,25175
ST02,7/16/2022,9021,2299,1906,393,11495
ST02,7/17/2022,8678,8003,7321,682,40015
ST02,7/18/2022,7098,3836,2828,1008,19180
ST02,7/19/2022,3444,1639,1438,201,8195
ST02,7/20/2022,4053,1694,1472,222,8470
ST02,7/21/2022,8258,2163,1715,448,10815
ST02,7/22/2022,5573,2221,1822,399,11105
ST02,7/23/2022,3158,2770,2174,596,13850
ST02,7/24/2022,8781,4491,3855,636,22455
ST02,7/25/2022,6117,5827,4763,1064,29135
ST02,7/26/2022,7254,5037,3706,1331,25185
ST02,7/27/2022,4492,3951,3197,754,19755
ST02,7/28/2022,3178,1587,1215,372,7935
ST02,7/29/2022,5560,5219,4572,647,26095
ST02,7/30/2022,6112,4903,4174,729,24515
ST02,7/31/2022,9719,4277,3260,1017,21385
ST02,8/1/2022,7722,5643,4061,1582,28215
ST02,8/2/2022,6111,5423,4780,643,27115
ST02,8/3/2022,3643,1501,1086,415,7505
ST02,8/4/2022,8896,1225,944,281,6125
ST02,8/5/2022,8559,2879,2497,382,14395
ST02,8/6/2022,6555,953,671,282,4765
ST02,8/7/2022,9286,3817,3061,756,19085
ST02,8/8/2022,6747,809,694,115,4045
ST02,8/9/2022,9157,4632,3647,985,23160
ST02,8/10/2022,6943,4065,3636,429,20325
ST02,8/11/2022,8961,2835,2096,739,14175
ST02,8/12/2022,9956,3111,2500,611,15555
ST02,8/13/2022,3784,1081,763,318,5405
ST02,8/14/2022,3021,1482,1311,171,7410
ST02,8/15/2022,7923,4485,3474,1011,22425
ST02,8/16/2022,6353,1066,878,188,5330
ST02,8/17/2022,8435,6321,5104,1217,31605
ST02,8/18/2022,8818,1497,1375,122,7485
ST02,8/19/2022,6211,5523,4642,881,27615
ST02,8/20/2022,9803,9448,8435,1013,47240
ST02,8/21/2022,5322,3078,2726,352,15390
ST02,8/22/2022,8003,3167,2900,267,15835
ST02,8/23/2022,5068,2615,1842,773,13075
ST02,8/24/2022,9313,2220,1568,652,11100
ST02,8/25/2022,6894,2848,2224,624,14240
ST02,8/26/2022,7490,3439,2518,921,17195
ST02,8/27/2022,3589,716,580,136,3580
ST02,8/28/2022,4922,3488,2846,642,17440
ST02,8/29/2022,4817,2622,2398,224,13110
ST02,8/30/2022,7891,4765,4080,685,23825
ST02,8/31/2022,5126,3925,3544,381,19625
ST02,9/1/2022,6301,3219,2652,567,16095
ST02,9/2/2022,6945,6247,5088,1159,31235
ST02,9/3/2022,6961,4129,3222,907,20645
ST02,9/4/2022,7678,4057,3596,461,20285
ST02,9/5/2022,4261,3022,2129,893,15110
ST02,9/6/2022,3231,406,345,61,2030
ST02,9/7/2022,7037,1490,1115,375,7450
ST02,9/8/2022,6290,1232,1107,125,6160
ST02,9/9/2022,5956,2796,2415,381,13980
ST02,9/10/2022,4716,2932,2520,412,14660
ST02,9/11/2022,7053,3067,2438,629,15335
ST02,9/12/2022,3070,1745,1229,516,8725
ST02,9/13/2022,9359,2492,2276,216,12460
ST02,9/14/2022,4745,3799,3308,491,18995
ST02,9/15/2022,4457,1799,1367,432,8995
ST02,9/16/2022,6020,2109,1863,246,10545
ST02,9/17/2022,6546,1993,1745,248,9965
ST02,9/18/2022,5308,2219,1877,342,11095
ST02,9/19/2022,9667,6642,5644,998,33210
ST02,9/20/2022,6097,5663,3976,1687,28315
ST02,9/21/2022,3334,2800,2343,457,14000
ST02,9/22/2022,3313,2411,1849,562,12055
ST02,9/23/2022,8758,1092,785,307,5460
ST02,9/24/2022,9563,5138,4460,678,25690
ST02,9/25/2022,7733,5885,4905,980,29425
ST02,9/26/2022,6899,4297,3176,1121,21485
ST02,9/27/2022,8062,7069,5939,1130,35345
ST02,9/28/2022,9110,3973,2910,1063,19865
ST02,9/29/2022,7758,7485,6781,704,37425
ST02,9/30/2022,9783,6799,5753,1046,33995
ST02,10/1/2022,8439,4691,3785,906,23455
ST02,10/2/2022,3757,2323,1835,488,11615
ST02,10/3/2022,9581,5670,4523,1147,28350
ST02,10/4/2022,9147,7389,5471,1918,36945
ST02,10/5/2022,9219,7411,6492,919,37055
ST02,10/6/2022,6597,3725,2897,828,18625
ST02,10/7/2022,3967,493,436,57,2465
ST02,10/8/2022,5956,3586,2982,604,17930
ST02,10/9/2022,3296,2581,2075,506,12905
ST02,10/10/2022,6402,2085,1890,195,10425
ST02,10/11/2022,5595,1008,914,94,5040
ST02,10/12/2022,5329,755,653,102,3775
ST02,10/13/2022,8999,7639,5383,2256,38195
ST02,10/14/2022,5616,2055,1493,562,10275
ST02,10/15/2022,5722,4856,4023,833,24280
ST02,10/16/2022,9982,8838,6487,2351,44190
ST02,10/17/2022,4656,3306,2422,884,16530
ST02,10/18/2022,7895,6555,4773,1782,32775
ST02,10/19/2022,3687,2347,1852,495,11735
ST02,10/20/2022,6924,5883,5167,716,29415
ST02,10/21/2022,7507,4242,3879,363,21210
ST02,10/22/2022,7005,3198,2307,891,15990
ST02,10/23/2022,5349,2893,2345,548,14465
ST02,10/24/2022,7056,3533,3205,328,17665
ST02,10/25/2022,6045,5402,3987,1415,27010
ST02,10/26/2022,3897,3304,2631,673,16520
ST02,10/27/2022,9272,8174,6769,1405,40870
ST02,10/28/2022,9205,2034,1444,590,10170
ST02,10/29/2022,6018,1077,799,278,5385
ST02,10/30/2022,8073,6091,4664,1427,30455
ST02,10/31/2022,9899,5263,3733,1530,26315
ST02,11/1/2022,9719,4990,4548,442,24950
ST02,11/2/2022,4410,2208,1674,534,11040
ST02,11/3/2022,6084,3585,2818,767,17925
ST02,11/4/2022,7193,1977,1442,535,9885
ST02,11/5/2022,3495,3113,2694,419,15565
ST02,11/6/2022,9602,7937,6661,1276,39685
ST02,11/7/2022,5752,4820,3585,1235,24100
ST02,11/8/2022,5317,2274,2005,269,11370
ST02,11/9/2022,4004,1467,1299,168,7335
ST02,11/10/2022,4549,597,526,71,2985
ST02,11/11/2022,8623,5991,4622,1369,29955
ST02,11/12/2022,8553,6979,5760,1219,34895
ST02,11/13/2022,9577,5870,5128,742,29350
ST02,11/14/2022,3550,1572,1127,445,7860
ST02,11/15/2022,8464,5497,4516,981,27485
ST02,11/16/2022,7186,7012,5544,1468,35060
ST02,11/17/2022,7014,4634,3474,1160,23170
ST02,11/18/2022,7782,3936,3272,664,19680
ST02,11/19/2022,6940,2793,2305,488,13965
ST02,11/20/2022,7581,6693,5110,1583,33465
ST02,11/21/2022,3932,3104,2530,574,15520
ST02,11/22/2022,5523,4929,3862,1067,24645
ST02,11/23/2022,7554,4917,4060,857,24585
ST02,11/24/2022,3095,2672,2378,294,13360
ST02,11/25/2022,7779,7095,5881,1214,35475
ST02,11/26/2022,4746,3401,2463,938,17005
ST02,11/27/2022,8016,6547,5897,650,32735
ST02,11/28/2022,5707,2021,1611,410,10105
ST02,11/29/2022,8424,5124,3829,1295,25620
ST02,11/30/2022,9809,1514,1329,185,7570
ST02,12/1/2022,6762,4492,3865,627,22460
ST02,12/2/2022,9283,3021,2424,597,15105
ST02,12/3/2022,7815,5562,4108,1454,27810
ST02,12/4/2022,7952,7164,5583,1581,35820
ST02,12/5/2022,8959,3842,3162,680,19210
ST02,12/6/2022,7815,3099,2501,598,15495
ST02,12/7/2022,4724,4336,3951,385,21680
ST02,12/8/2022,6927,2062,1864,198,10310
ST02,12/9/2022,6288,4028,3419,609,20140
ST02,12/10/2022,4083,2126,1937,189,10630
ST02,12/11/2022,7159,3956,3627,329,19780
ST02,12/12/2022,6940,5613,4466,1147,28065
ST02,12/13/2022,7710,6006,5217,789,30030
ST02,12/14/2022,6308,5057,3907,1150,25285
ST02,12/15/2022,9158,3616,3076,540,18080
ST02,12/16/2022,5199,1562,1321,241,7810
ST02,12/17/2022,6738,5752,4317,1435,28760
ST02,12/18/2022,7101,5874,5208,666,29370
ST02,12/19/2022,3912,2255,1926,329,11275
ST02,12/20/2022,7196,4775,3465,1310,23875
ST02,12/21/2022,3614,2177,1589,588,10885
ST02,12/22/2022,5062,4216,3862,354,21080
ST02,12/23/2022,6313,2931,2570,361,14655
ST02,12/24/2022,4675,3687,3143,544,18435
ST02,12/25/2022,5939,3499,3179,320,17495
ST02,12/26/2022,7333,3589,3221,368,17945
ST02,12/27/2022,5922,3575,2724,851,17875
ST02,12/28/2022,7624,1112,873,239,5560
ST02,12/29/2022,5567,5087,3597,1490,25435
ST02,12/30/2022,4157,1325,1086,239,6625
ST02,12/31/2022,5370,1341,942,399,6705
ST03,1/1/2022,6931,4749,3537,1212,23745
ST03,1/2/2022,6521,4697,4110,587,23485
ST03,1/3/2022,3435,2335,1825,510,11675
ST03,1/4/2022,6419,5176,4364,812,25880
ST03,1/5/2022,8880,2286,1728,558,11430
ST03,1/6/2022,9139,1334,1140,194,6670
ST03,1/7/2022,4995,1321,1112,209,6605
ST03,1/8/2022,6247,3424,2766,658,17120
ST03,1/9/2022,4100,1969,1656,313,9845
ST03,1/10/2022,8257,5256,4626,630,26280
ST03,1/11/2022,4830,2763,2504,259,13815
ST03,1/12/2022,7616,4440,4075,365,22200
ST03,1/13/2022,6150,5806,5251,555,29030
ST03,1/14/2022,9476,3349,2553,796,16745
ST03,1/15/2022,3625,1415,1214,201,7075
ST03,1/16/2022,8123,7955,7093,862,39775
ST03,1/17/2022,4836,2970,2512,458,14850
ST03,1/18/2022,6715,1859,1348,511,9295
ST03,1/19/2022,8173,7013,5519,1494,35065
ST03,1/20/2022,4289,1831,1289,542,9155
ST03,1/21/2022,9654,4256,3251,1005,21280
ST03,1/22/2022,3014,1799,1391,408,8995
ST03,1/23/2022,5904,1885,1323,562,9425
ST03,1/24/2022,9878,5186,4016,1170,25930
ST03,1/25/2022,4160,998,864,134,4990
ST03,1/26/2022,4647,3779,2905,874,18895
ST03,1/27/2022,9351,6712,5674,1038,33560
ST03,1/28/2022,3103,700,550,150,3500
ST03,1/29/2022,7354,5293,4265,1028,26465
ST03,1/30/2022,6195,2884,2187,697,14420
ST03,1/31/2022,6896,5538,4941,597,27690
ST03,2/1/2022,3726,1167,954,213,5835
ST03,2/2/2022,7764,5585,4977,608,27925
ST03,2/3/2022,5881,3801,2917,884,19005
ST03,2/4/2022,8221,4129,3619,510,20645
ST03,2/5/2022,6434,3233,2482,751,16165
ST03,2/6/2022,8716,2870,2503,367,14350
ST03,2/7/2022,7289,3917,3126,791,19585
ST03,2/8/2022,9742,3872,2979,893,19360
ST03,2/9/2022,3669,1908,1528,380,9540
ST03,2/10/2022,7710,5349,4654,695,26745
ST03,2/11/2022,9169,3264,2728,536,16320
ST03,2/12/2022,6033,1274,1081,193,6370
ST03,2/13/2022,8579,7489,5836,1653,37445
ST03,2/14/2022,4464,1808,1559,249,9040
ST03,2/15/2022,7410,6764,5854,910,33820
ST03,2/16/2022,5458,5160,3616,1544,25800
ST03,2/17/2022,3694,2060,1651,409,10300
ST03,2/18/2022,8429,6611,5383,1228,33055
ST03,2/19/2022,7777,2346,1900,446,11730
ST03,2/20/2022,5803,1443,1292,151,7215
ST03,2/21/2022,5631,2936,2408,528,14680
ST03,2/22/2022,8802,5977,4299,1678,29885
ST03,2/23/2022,7065,2644,1852,792,13220
ST03,2/24/2022,6798,5026,4271,755,25130
ST03,2/25/2022,8764,7079,5951,1128,35395
ST03,2/26/2022,6530,840,755,85,4200
ST03,2/27/2022,6524,1985,1415,570,9925
ST03,2/28/2022,9560,2071,1781,290,10355
ST03,3/1/2022,6159,2562,1911,651,12810
ST03,3/2/2022,3048,2489,2276,213,12445
ST03,3/3/2022,6274,2115,1665,450,10575
ST03,3/4/2022,6715,896,794,102,4480
ST03,3/5/2022,9553,7025,6040,985,35125
ST03,3/6/2022,3565,3156,2547,609,15780
ST03,3/7/2022,8118,3153,2574,579,15765
ST03,3/8/2022,9150,8908,6587,2321,44540
ST03,3/9/2022,5144,1839,1465,374,9195
ST03,3/10/2022,8597,2372,2111,261,11860
ST03,3/11/2022,5735,4153,3694,459,20765
ST03,3/12/2022,7805,5240,4356,884,26200
ST03,3/13/2022,6452,1087,975,112,5435
ST03,3/14/2022,4242,3135,2393,742,15675
ST03,3/15/2022,3773,1398,1211,187,6990
ST03,3/16/2022,7310,5114,4412,702,25570
ST03,3/17/2022,6813,4893,3949,944,24465
ST03,3/18/2022,6010,2115,1839,276,10575
ST03,3/19/2022,5437,2994,2507,487,14970
ST03,3/20/2022,5072,3687,2973,714,18435
ST03,3/21/2022,5525,5042,4306,736,25210
ST03,3/22/2022,4022,2472,2274,198,12360
ST03,3/23/2022,4264,774,708,66,3870
ST03,3/24/2022,4490,3532,2749,783,17660
ST03,3/25/2022,6997,2019,1497,522,10095
ST03,3/26/2022,6035,1820,1344,476,9100
ST03,3/27/2022,9975,2071,1710,361,10355
ST03,3/28/2022,8911,4519,3435,1084,22595
ST03,3/29/2022,9077,3620,3228,392,18100
ST03,3/30/2022,7212,5484,3979,1505,27420
ST03,3/31/2022,6331,1731,1433,298,8655
ST03,4/1/2022,8889,1909,1566,343,9545
ST03,4/2/2022,4719,2082,1761,321,10410
ST03,4/3/2022,7628,2661,2045,616,13305
ST03,4/4/2022,4015,2682,2272,410,13410
ST03,4/5/2022,4558,799,658,141,3995
ST03,4/6/2022,4652,2861,2057,804,14305
ST03,4/7/2022,5982,4885,4359,526,24425
ST03,4/8/2022,8242,7175,5714,1461,35875
ST03,4/9/2022,9283,3941,3036,905,19705
ST03,4/10/2022,4011,918,746,172,4590
ST03,4/11/2022,3405,2904,2325,579,14520
ST03,4/12/2022,5460,1789,1404,385,8945
ST03,4/13/2022,7591,3185,2708,477,15925
ST03,4/14/2022,9510,5892,5128,764,29460
ST03,4/15/2022,5775,4945,4405,540,24725
ST03,4/16/2022,3681,1829,1330,499,9145
ST03,4/17/2022,9493,7160,6323,837,35800
ST03,4/18/2022,6133,5393,4070,1323,26965
ST03,4/19/2022,6710,2779,2206,573,13895
ST03,4/20/2022,5950,2217,1963,254,11085
ST03,4/21/2022,3123,582,448,134,2910
ST03,4/22/2022,7525,4920,3935,985,24600
ST03,4/23/2022,8617,4207,3797,410,21035
ST03,4/24/2022,7472,4810,4245,565,24050
ST03,4/25/2022,7475,2598,2308,290,12990
ST03,4/26/2022,8820,1915,1544,371,9575
ST03,4/27/2022,4152,2343,2047,296,11715
ST03,4/28/2022,3164,1733,1512,221,8665
ST03,4/29/2022,3469,1462,1037,425,7310
ST03,4/30/2022,5395,4657,3380,1277,23285
ST03,5/1/2022,4840,1290,1019,271,6450
ST03,5/2/2022,6380,2659,2263,396,13295
ST03,5/3/2022,9465,2596,2301,295,12980
ST03,5/4/2022,8154,7790,6566,1224,38950
ST03,5/5/2022,8220,2241,1873,368,11205
ST03,5/6/2022,7311,4303,3426,877,21515
ST03,5/7/2022,5020,3357,2840,517,16785
ST03,5/8/2022,5872,1784,1369,415,8920
ST03,5/9/2022,5054,2615,1971,644,13075
ST03,5/10/2022,4801,3352,2718,634,16760
ST03,5/11/2022,3318,2906,2559,347,14530
ST03,5/12/2022,5409,4354,3354,1000,21770
ST03,5/13/2022,5003,2440,2239,201,12200
ST03,5/14/2022,6702,3438,2634,804,17190
ST03,5/15/2022,4864,3019,2725,294,15095
ST03,5/16/2022,9677,1149,987,162,5745
ST03,5/17/2022,8771,7344,6647,697,36720
ST03,5/18/2022,4609,1489,1132,357,7445
ST03,5/19/2022,5061,2808,2436,372,14040
ST03,5/20/2022,9400,2512,1869,643,12560
ST03,5/21/2022,9079,5221,4395,826,26105
ST03,5/22/2022,5825,3023,2654,369,15115
ST03,5/23/2022,5253,4293,3310,983,21465
ST03,5/24/2022,3880,1383,1051,332,6915
ST03,5/25/2022,6020,4412,3777,635,22060
ST03,5/26/2022,8971,4434,3456,978,22170
ST03,5/27/2022,8613,1440,1150,290,7200
ST03,5/28/2022,4165,2143,1859,284,10715
ST03,5/29/2022,5257,2988,2248,740,14940
ST03,5/30/2022,8336,6386,5812,574,31930
ST03,5/31/2022,3135,1971,1696,275,9855
ST03,6/1/2022,3465,1935,1394,541,9675
ST03,6/2/2022,6402,3570,2892,678,17850
ST03,6/3/2022,9312,5482,4347,1135,27410
ST03,6/4/2022,4264,1149,944,205,5745
ST03,6/5/2022,4568,3775,2916,859,18875
ST03,6/6/2022,9394,9008,7716,1292,45040
ST03,6/7/2022,9211,4532,3337,1195,22660
ST03,6/8/2022,3709,3330,2410,920,16650
ST03,6/9/2022,7291,5389,4072,1317,26945
ST03,6/10/2022,6622,2093,1836,257,10465
ST03,6/11/2022,8327,2796,2030,766,13980
ST03,6/12/2022,6219,5563,4297,1266,27815
ST03,6/13/2022,8217,4843,3786,1057,24215
ST03,6/14/2022,9194,4912,3788,1124,24560
ST03,6/15/2022,3340,1630,1424,206,8150
ST03,6/16/2022,7838,1009,774,235,5045
ST03,6/17/2022,5747,1182,914,268,5910
ST03,6/18/2022,7946,7241,5484,1757,36205
ST03,6/19/2022,6229,2117,1883,234,10585
ST03,6/20/2022,8911,6387,4559,1828,31935
ST03,6/21/2022,8727,8573,7146,1427,42865
ST03,6/22/2022,8408,4746,3634,1112,23730
ST03,6/23/2022,8331,3098,2799,299,15490
ST03,6/24/2022,7212,6507,5629,878,32535
ST03,6/25/2022,5724,2189,1959,230,10945
ST03,6/26/2022,3855,1298,1081,217,6490
ST03,6/27/2022,7177,6225,5094,1131,31125
ST03,6/28/2022,9178,2742,2471,271,13710
ST03,6/29/2022,9271,3222,2265,957,16110
ST03,6/30/2022,6775,6094,5220,874,30470
ST03,7/1/2022,4193,483,365,118,2415
ST03,7/2/2022,5243,3800,2894,906,19000
ST03,7/3/2022,4924,1823,1497,326,9115
ST03,7/4/2022,3167,499,355,144,2495
ST03,7/5/2022,6183,6075,4886,1189,30375
ST03,7/6/2022,7839,2022,1605,417,10110
ST03,7/7/2022,7924,5106,4626,480,25530
ST03,7/8/2022,4927,1479,1093,386,7395
ST03,7/9/2022,4169,3656,3154,502,18280
ST03,7/10/2022,9581,7518,6527,991,37590
ST03,7/11/2022,7579,6727,5139,1588,33635
ST03,7/12/2022,4459,3490,2526,964,17450
ST03,7/13/2022,3572,1119,1029,90,5595
ST03,7/14/2022,5111,4701,3589,1112,23505
ST03,7/15/2022,8753,8407,7289,1118,42035
ST03,7/16/2022,6216,4772,4064,708,23860
ST03,7/17/2022,4536,1995,1464,531,9975
ST03,7/18/2022,6939,6723,4776,1947,33615
ST03,7/19/2022,5772,2701,2137,564,13505
ST03,7/20/2022,6563,5198,4164,1034,25990
ST03,7/21/2022,4153,2570,1914,656,12850
ST03,7/22/2022,6707,1227,860,367,6135
ST03,7/23/2022,3636,2713,2241,472,13565
ST03,7/24/2022,4805,4484,3262,1222,22420
ST03,7/25/2022,9514,7599,5825,1774,37995
ST03,7/26/2022,5245,2279,1600,679,11395
ST03,7/27/2022,4147,643,556,87,3215
ST03,7/28/2022,5361,3143,2766,377,15715
ST03,7/29/2022,4121,3242,2921,321,16210
ST03,7/30/2022,8629,7082,6297,785,35410
ST03,7/31/2022,7276,2964,2428,536,14820
ST03,8/1/2022,6943,4830,3547,1283,24150
ST03,8/2/2022,8225,2769,2501,268,13845
ST03,8/3/2022,8426,6271,4593,1678,31355
ST03,8/4/2022,4879,843,743,100,4215
ST03,8/5/2022,8912,1649,1315,334,8245
ST03,8/6/2022,6394,2958,2311,647,14790
ST03,8/7/2022,6012,2378,1695,683,11890
ST03,8/8/2022,3004,2511,2111,400,12555
ST03,8/9/2022,6107,2696,2440,256,13480
ST03,8/10/2022,4192,2460,1832,628,12300
ST03,8/11/2022,8770,4483,3411,1072,22415
ST03,8/12/2022,9807,6824,5612,1212,34120
ST03,8/13/2022,8755,7360,6219,1141,36800
ST03,8/14/2022,5752,4512,3915,597,22560
ST03,8/15/2022,4443,4303,3446,857,21515
ST03,8/16/2022,5716,1707,1442,265,8535
ST03,8/17/2022,7928,1055,810,245,5275
ST03,8/18/2022,6342,5060,4294,766,25300
ST03,8/19/2022,3900,1634,1196,438,8170
ST03,8/20/2022,7107,5001,4466,535,25005
ST03,8/21/2022,6974,2409,1739,670,12045
ST03,8/22/2022,7846,2920,2512,408,14600
ST03,8/23/2022,4290,1624,1240,384,8120
ST03,8/24/2022,9816,6103,4641,1462,30515
ST03,8/25/2022,5281,957,725,232,4785
ST03,8/26/2022,9873,3158,2369,789,15790
ST03,8/27/2022,4845,3437,2413,1024,17185
ST03,8/28/2022,7379,6545,4889,1656,32725
ST03,8/29/2022,3312,1618,1327,291,8090
ST03,8/30/2022,3116,1253,1015,238,6265
ST03,8/31/2022,6150,1841,1671,170,9205
ST03,9/1/2022,5857,2762,1990,772,13810
ST03,9/2/2022,7354,6969,6112,857,34845
ST03,9/3/2022,8416,5491,4247,1244,27455
ST03,9/4/2022,8010,5107,3816,1291,25535
ST03,9/5/2022,3280,2787,2517,270,13935
ST03,9/6/2022,3531,511,432,79,2555
ST03,9/7/2022,4019,1254,1151,103,6270
ST03,9/8/2022,6526,3457,2443,1014,17285
ST03,9/9/2022,4941,1949,1517,432,9745
ST03,9/10/2022,4448,598,441,157,2990
ST03,9/11/2022,3706,2201,1749,452,11005
ST03,9/12/2022,9528,4750,3558,1192,23750
ST03,9/13/2022,5162,2186,1864,322,10930
ST03,9/14/2022,6945,2368,1728,640,11840
ST03,9/15/2022,4909,1553,1139,414,7765
ST03,9/16/2022,3685,842,772,70,4210
ST03,9/17/2022,3562,1636,1315,321,8180
ST03,9/18/2022,9823,3724,3377,347,18620
ST03,9/19/2022,5084,3131,2634,497,15655
ST03,9/20/2022,3537,2310,1687,623,11550
ST03,9/21/2022,4184,3368,3094,274,16840
ST03,9/22/2022,3016,1462,1215,247,7310
ST03,9/23/2022,5029,3735,2664,1071,18675
ST03,9/24/2022,3960,3114,2690,424,15570
ST03,9/25/2022,5280,4829,4267,562,24145
ST03,9/26/2022,9302,2183,1801,382,10915
ST03,9/27/2022,3056,904,826,78,4520
ST03,9/28/2022,6818,5444,3964,1480,27220
ST03,9/29/2022,6834,5063,3577,1486,25315
ST03,9/30/2022,9602,3518,2474,1044,17590
ST03,10/1/2022,9480,5682,4052,1630,28410
ST03,10/2/2022,8705,1713,1379,334,8565
ST03,10/3/2022,5128,3449,2627,822,17245
ST03,10/4/2022,4707,3267,2316,951,16335
ST03,10/5/2022,7750,3855,3058,797,19275
ST03,10/6/2022,6237,1743,1375,368,8715
ST03,10/7/2022,9269,8532,6152,2380,42660
ST03,10/8/2022,4091,851,645,206,4255
ST03,10/9/2022,9978,4308,3379,929,21540
ST03,10/10/2022,8388,6491,5343,1148,32455
ST03,10/11/2022,8426,1762,1586,176,8810
ST03,10/12/2022,8744,7748,6278,1470,38740
ST03,10/13/2022,4974,3620,2695,925,18100
ST03,10/14/2022,6611,4748,4024,724,23740
ST03,10/15/2022,8534,2287,1830,457,11435
ST03,10/16/2022,7416,941,827,114,4705
ST03,10/17/2022,7338,3139,2822,317,15695
ST03,10/18/2022,6358,1916,1387,529,9580
ST03,10/19/2022,7506,1353,1190,163,6765
ST03,10/20/2022,3294,1962,1758,204,9810
ST03,10/21/2022,3496,1571,1251,320,7855
ST03,10/22/2022,8269,4503,3783,720,22515
ST03,10/23/2022,7912,6054,5537,517,30270
ST03,10/24/2022,8652,5394,4252,1142,26970
ST03,10/25/2022,9104,8230,6380,1850,41150
ST03,10/26/2022,4594,989,745,244,4945
ST03,10/27/2022,3944,3801,2725,1076,19005
ST03,10/28/2022,5928,2570,2011,559,12850
ST03,10/29/2022,7144,3050,2354,696,15250
ST03,10/30/2022,6752,4764,4201,563,23820
ST03,10/31/2022,8612,5409,4736,673,27045
ST03,11/1/2022,6732,3437,2638,799,17185
ST03,11/2/2022,4068,956,718,238,4780
ST03,11/3/2022,5702,4498,3184,1314,22490
ST03,11/4/2022,5137,2620,2169,451,13100
ST03,11/5/2022,6983,6008,5518,490,30040
ST03,11/6/2022,5386,3786,2799,987,18930
ST03,11/7/2022,4005,2794,2417,377,13970
ST03,11/8/2022,7944,6429,5070,1359,32145
ST03,11/9/2022,3645,3446,2631,815,17230
ST03,11/10/2022,9288,7932,6705,1227,39660
ST03,11/11/2022,8084,7767,5785,1982,38835
ST03,11/12/2022,6411,2906,2104,802,14530
ST03,11/13/2022,5565,942,794,148,4710
ST03,11/14/2022,7038,1516,1310,206,7580
ST03,11/15/2022,6036,2906,2109,797,14530
ST03,11/16/2022,6438,3408,2920,488,17040
ST03,11/17/2022,3505,1044,866,178,5220
ST03,11/18/2022,6846,6442,5236,1206,32210
ST03,11/19/2022,9533,7497,6336,1161,37485
ST03,11/20/2022,6982,5695,4133,1562,28475
ST03,11/21/2022,6222,5836,4091,1745,29180
ST03,11/22/2022,8804,6099,5474,625,30495
ST03,11/23/2022,9356,5327,4015,1312,26635
ST03,11/24/2022,4380,3672,2940,732,18360
ST03,11/25/2022,6170,5542,4962,580,27710
ST03,11/26/2022,7899,7652,6481,1171,38260
ST03,11/27/2022,7906,1040,930,110,5200
ST03,11/28/2022,9461,8876,7031,1845,44380
ST03,11/29/2022,3883,1066,888,178,5330
ST03,11/30/2022,3367,2804,2491,313,14020
ST03,12/1/2022,5035,3645,3048,597,18225
ST03,12/2/2022,3120,1667,1172,495,8335
ST03,12/3/2022,9282,6080,5160,920,30400
ST03,12/4/2022,4110,2721,2004,717,13605
ST03,12/5/2022,9614,7710,7012,698,38550
ST03,12/6/2022,9895,3275,2693,582,16375
ST03,12/7/2022,3810,1474,1340,134,7370
ST03,12/8/2022,8723,7672,5587,2085,38360
ST03,12/9/2022,5662,5526,4933,593,27630
ST03,12/10/2022,5966,4617,3625,992,23085
ST03,12/11/2022,6234,4711,4184,527,23555
ST03,12/12/2022,3240,1210,1022,188,6050
ST03,12/13/2022,3886,1811,1518,293,9055
ST03,12/14/2022,8115,3025,2773,252,15125
ST03,12/15/2022,8541,4276,3189,1087,21380
ST03,12/16/2022,5150,3767,3080,687,18835
ST03,12/17/2022,9092,3881,3358,523,19405
ST03,12/18/2022,4455,2387,2188,199,11935
ST03,12/19/2022,7648,5548,4332,1216,27740
ST03,12/20/2022,3530,2880,2344,536,14400
ST03,12/21/2022,8290,4363,3804,559,21815
ST03,12/22/2022,4075,812,732,80,4060
ST03,12/23/2022,6999,3606,3171,435,18030
ST03,12/24/2022,8830,2251,1821,430,11255
ST03,12/25/2022,6889,4800,4086,714,24000
ST03,12/26/2022,8280,3901,3558,343,19505
ST03,12/27/2022,8220,3723,3382,341,18615
ST03,12/28/2022,5007,2249,1945,304,11245
ST03,12/29/2022,9727,8198,6387,1811,40990
ST03,12/30/2022,3952,2228,1934,294,11140
ST03,12/31/2022,9066,2565,1826,739,12825
ST04,1/1/2022,5434,3638,3209,429,18190
ST04,1/2/2022,6288,4696,3310,1386,23480
ST04,1/3/2022,4105,1906,1396,510,9530
ST04,1/4/2022,8542,7303,6151,1152,36515
ST04,1/5/2022,9693,8225,6100,2125,41125
ST04,1/6/2022,7582,1959,1487,472,9795
ST04,1/7/2022,3840,3513,2567,946,17565
ST04,1/8/2022,7935,3227,2945,282,16135
ST04,1/9/2022,5625,1931,1379,552,9655
ST04,1/10/2022,9346,9054,8037,1017,45270
ST04,1/11/2022,4810,2664,1896,768,13320
ST04,1/12/2022,7309,6766,5983,783,33830
ST04,1/13/2022,5261,4656,3783,873,23280
ST04,1/14/2022,7203,3467,2730,737,17335
ST04,1/15/2022,4036,2026,1693,333,10130
ST04,1/16/2022,7360,1023,770,253,5115
ST04,1/17/2022,7096,2930,2391,539,14650
ST04,1/18/2022,6069,720,550,170,3600
ST04,1/19/2022,6821,4722,3888,834,23610
ST04,1/20/2022,9696,4915,4033,882,24575
ST04,1/21/2022,4048,815,731,84,4075
ST04,1/22/2022,5025,4481,3145,1336,22405
ST04,1/23/2022,7029,1910,1701,209,9550
ST04,1/24/2022,4959,1264,902,362,6320
ST04,1/25/2022,3307,1721,1462,259,8605
ST04,1/26/2022,9920,3211,2637,574,16055
ST04,1/27/2022,5294,4803,3789,1014,24015
ST04,1/28/2022,4325,1216,987,229,6080
ST04,1/29/2022,9808,2939,2391,548,14695
ST04,1/30/2022,9524,1853,1308,545,9265
ST04,1/31/2022,9556,2360,1828,532,11800
ST04,2/1/2022,8762,8084,7364,720,40420
ST04,2/2/2022,6313,4084,3204,880,20420
ST04,2/3/2022,7410,2048,1726,322,10240
ST04,2/4/2022,5811,5158,4083,1075,25790
ST04,2/5/2022,5809,2050,1577,473,10250
ST04,2/6/2022,8530,3285,2744,541,16425
ST04,2/7/2022,7161,3454,2623,831,17270
ST04,2/8/2022,7006,5909,5091,818,29545
ST04,2/9/2022,6355,5417,4185,1232,27085
ST04,2/10/2022,6697,3766,3381,385,18830
ST04,2/11/2022,4865,2814,2556,258,14070
ST04,2/12/2022,6477,4316,3844,472,21580
ST04,2/13/2022,5668,3634,3102,532,18170
ST04,2/14/2022,9948,1451,1260,191,7255
ST04,2/15/2022,4587,2792,2181,611,13960
ST04,2/16/2022,8395,4542,3409,1133,22710
ST04,2/17/2022,6661,4812,3845,967,24060
ST04,2/18/2022,6330,1614,1408,206,8070
ST04,2/19/2022,4853,1355,1015,340,6775
ST04,2/20/2022,5938,1035,927,108,5175
ST04,2/21/2022,4245,3119,2368,751,15595
ST04,2/22/2022,9280,7395,6118,1277,36975
ST04,2/23/2022,6801,3625,2567,1058,18125
ST04,2/24/2022,5767,5150,4397,753,25750
ST04,2/25/2022,3920,2416,2021,395,12080
ST04,2/26/2022,4599,517,372,145,2585
ST04,2/27/2022,8519,3744,2653,1091,18720
ST04,2/28/2022,7426,5537,4524,1013,27685
ST04,3/1/2022,4452,3790,2987,803,18950
ST04,3/2/2022,6351,4435,3865,570,22175
ST04,3/3/2022,5285,4194,3511,683,20970
ST04,3/4/2022,7909,4523,4159,364,22615
ST04,3/5/2022,9483,3342,2976,366,16710
ST04,3/6/2022,4821,3275,3003,272,16375
ST04,3/7/2022,9427,8013,6354,1659,40065
ST04,3/8/2022,9781,3407,3100,307,17035
ST04,3/9/2022,9735,5056,4190,866,25280
ST04,3/10/2022,5604,2939,2071,868,14695
ST04,3/11/2022,6578,1786,1267,519,8930
ST04,3/12/2022,7770,7233,5936,1297,36165
ST04,3/13/2022,8522,7154,6538,616,35770
ST04,3/14/2022,4146,1144,804,340,5720
ST04,3/15/2022,9794,1738,1239,499,8690
ST04,3/16/2022,9681,2014,1422,592,10070
ST04,3/17/2022,7755,4609,3529,1080,23045
ST04,3/18/2022,5411,1472,1223,249,7360
ST04,3/19/2022,9868,7014,5099,1915,35070
ST04,3/20/2022,7034,6701,4850,1851,33505
ST04,3/21/2022,8456,1107,972,135,5535
ST04,3/22/2022,7807,2080,1830,250,10400
ST04,3/23/2022,8684,4465,3760,705,22325
ST04,3/24/2022,3102,1726,1547,179,8630
ST04,3/25/2022,9305,5542,4609,933,27710
ST04,3/26/2022,5135,2821,2272,549,14105
ST04,3/27/2022,7660,2489,2167,322,12445
ST04,3/28/2022,9270,6615,4893,1722,33075
ST04,3/29/2022,3345,2044,1492,552,10220
ST04,3/30/2022,4563,830,689,141,4150
ST04,3/31/2022,9064,4036,3483,553,20180
ST04,4/1/2022,9883,4337,3328,1009,21685
ST04,4/2/2022,8206,1252,1063,189,6260
ST04,4/3/2022,8574,3601,3064,537,18005
ST04,4/4/2022,4238,2523,1966,557,12615
ST04,4/5/2022,8104,2412,1903,509,12060
ST04,4/6/2022,8969,4490,3273,1217,22450
ST04,4/7/2022,6166,4107,3282,825,20535
ST04,4/8/2022,3647,3075,2744,331,15375
ST04,4/9/2022,7334,6814,5126,1688,34070
ST04,4/10/2022,5640,2916,2489,427,14580
ST04,4/11/2022,6002,2939,2617,322,14695
ST04,4/12/2022,5008,1641,1194,447,8205
ST04,4/13/2022,4301,1748,1301,447,8740
ST04,4/14/2022,3232,2698,2286,412,13490
ST04,4/15/2022,4291,2852,2109,743,14260
ST04,4/16/2022,8466,1237,972,265,6185
ST04,4/17/2022,7254,2728,2258,470,13640
ST04,4/18/2022,5184,2788,2480,308,13940
ST04,4/19/2022,6977,3200,2557,643,16000
ST04,4/20/2022,7643,5143,4042,1101,25715
ST04,4/21/2022,8460,7044,5405,1639,35220
ST04,4/22/2022,6265,1871,1385,486,9355
ST04,4/23/2022,6058,1289,1155,134,6445
ST04,4/24/2022,6693,6495,4920,1575,32475
ST04,4/25/2022,3585,1319,1030,289,6595
ST04,4/26/2022,7081,2155,1915,240,10775
ST04,4/27/2022,8243,5284,4556,728,26420
ST04,4/28/2022,5870,3419,2565,854,17095
ST04,4/29/2022,9937,6219,5089,1130,31095
ST04,4/30/2022,5997,5426,4627,799,27130
ST04,5/1/2022,5370,2018,1847,171,10090
ST04,5/2/2022,3357,1282,955,327,6410
ST04,5/3/2022,5064,4158,3273,885,20790
ST04,5/4/2022,4369,3347,2596,751,16735
ST04,5/5/2022,5169,4785,3558,1227,23925
ST04,5/6/2022,4804,3565,2697,868,17825
ST04,5/7/2022,4466,1637,1286,351,8185
ST04,5/8/2022,9600,2625,2029,596,13125
ST04,5/9/2022,7387,2435,2186,249,12175
ST04,5/10/2022,8690,3158,2532,626,15790
ST04,5/11/2022,8706,2974,2279,695,14870
ST04,5/12/2022,7337,1687,1410,277,8435
ST04,5/13/2022,4069,3573,2674,899,17865
ST04,5/14/2022,9921,3450,3051,399,17250
ST04,5/15/2022,3233,3129,2458,671,15645
ST04,5/16/2022,6424,1297,1174,123,6485
ST04,5/17/2022,8366,6463,5566,897,32315
ST04,5/18/2022,3938,1881,1397,484,9405
ST04,5/19/2022,4035,1700,1407,293,8500
ST04,5/20/2022,7914,6640,4731,1909,33200
ST04,5/21/2022,6725,4364,3255,1109,21820
ST04,5/22/2022,7255,6343,5740,603,31715
ST04,5/23/2022,4136,782,570,212,3910
ST04,5/24/2022,6440,1110,847,263,5550
ST04,5/25/2022,3697,2410,2207,203,12050
ST04,5/26/2022,7237,1186,876,310,5930
ST04,5/27/2022,8272,6007,4840,1167,30035
ST04,5/28/2022,6439,4903,3949,954,24515
ST04,5/29/2022,5777,4702,4226,476,23510
ST04,5/30/2022,5789,1744,1586,158,8720
ST04,5/31/2022,5447,1315,1015,300,6575
ST04,6/1/2022,3876,2624,2394,230,13120
ST04,6/2/2022,6010,2940,2401,539,14700
ST04,6/3/2022,8348,2149,1944,205,10745
ST04,6/4/2022,7232,4202,3107,1095,21010
ST04,6/5/2022,9581,4500,3362,1138,22500
ST04,6/6/2022,6415,4323,3578,745,21615
ST04,6/7/2022,6021,3525,2535,990,17625
ST04,6/8/2022,3431,2057,1444,613,10285
ST04,6/9/2022,8789,6306,5666,640,31530
ST04,6/10/2022,4346,2063,1742,321,10315
ST04,6/11/2022,5899,752,595,157,3760
ST04,6/12/2022,3090,2589,1882,707,12945
ST04,6/13/2022,4688,4391,3088,1303,21955
ST04,6/14/2022,9550,8397,5971,2426,41985
ST04,6/15/2022,6660,6050,4914,1136,30250
ST04,6/16/2022,4844,2535,2305,230,12675
ST04,6/17/2022,7448,4599,3367,1232,22995
ST04,6/18/2022,6475,2212,1889,323,11060
ST04,6/19/2022,5682,3777,2731,1046,18885
ST04,6/20/2022,9974,8491,7589,902,42455
ST04,6/21/2022,3431,1944,1369,575,9720
ST04,6/22/2022,3957,603,540,63,3015
ST04,6/23/2022,6748,3989,2918,1071,19945
ST04,6/24/2022,9953,7265,5251,2014,36325
ST04,6/25/2022,9875,5918,4849,1069,29590
ST04,6/26/2022,8166,4331,3582,749,21655
ST04,6/27/2022,9085,4302,3825,477,21510
ST04,6/28/2022,7038,6482,5308,1174,32410
ST04,6/29/2022,6346,5501,3882,1619,27505
ST04,6/30/2022,7071,2676,2328,348,13380
ST04,7/1/2022,3363,1272,947,325,6360
ST04,7/2/2022,8879,2786,1956,830,13930
ST04,7/3/2022,4481,1284,1145,139,6420
ST04,7/4/2022,9575,6141,5513,628,30705
ST04,7/5/2022,6983,2487,2144,343,12435
ST04,7/6/2022,3529,2774,2431,343,13870
ST04,7/7/2022,3636,2828,2527,301,14140
ST04,7/8/2022,9957,3538,2765,773,17690
ST04,7/9/2022,7488,4390,3268,1122,21950
ST04,7/10/2022,6585,5262,4410,852,26310
ST04,7/11/2022,9369,8200,6112,2088,41000
ST04,7/12/2022,4786,3946,3324,622,19730
ST04,7/13/2022,3250,1257,1070,187,6285
ST04,7/14/2022,8646,1865,1647,218,9325
ST04,7/15/2022,7848,6425,5707,718,32125
ST04,7/16/2022,3574,2290,1724,566,11450
ST04,7/17/2022,7050,1489,1165,324,7445
ST04,7/18/2022,4282,1799,1391,408,8995
ST04,7/19/2022,8876,4185,3804,381,20925
ST04,7/20/2022,4374,1413,1266,147,7065
ST04,7/21/2022,9493,1106,990,116,5530
ST04,7/22/2022,3345,3203,2748,455,16015
ST04,7/23/2022,3111,703,528,175,3515
ST04,7/24/2022,6449,3981,3243,738,19905
ST04,7/25/2022,5566,1993,1645,348,9965
ST04,7/26/2022,7621,4147,3437,710,20735
ST04,7/27/2022,3353,2084,1621,463,10420
ST04,7/28/2022,9989,9784,8437,1347,48920
ST04,7/29/2022,5158,4171,3824,347,20855
ST04,7/30/2022,8014,6553,5570,983,32765
ST04,7/31/2022,5635,3626,2788,838,18130
ST04,8/1/2022,7475,4617,3667,950,23085
ST04,8/2/2022,9817,5756,4060,1696,28780
ST04,8/3/2022,4594,4161,3786,375,20805
ST04,8/4/2022,5790,3389,2463,926,16945
ST04,8/5/2022,4092,1240,996,244,6200
ST04,8/6/2022,8743,8297,7477,820,41485
ST04,8/7/2022,7116,5698,4926,772,28490
ST04,8/8/2022,5321,3632,2586,1046,18160
ST04,8/9/2022,5310,1733,1373,360,8665
ST04,8/10/2022,3820,1405,1269,136,7025
ST04,8/11/2022,7666,2238,1792,446,11190
ST04,8/12/2022,5873,1420,1196,224,7100
ST04,8/13/2022,3734,2661,2283,378,13305
ST04,8/14/2022,5920,1104,848,256,5520
ST04,8/15/2022,4467,944,700,244,4720
ST04,8/16/2022,9040,7918,6806,1112,39590
ST04,8/17/2022,6617,2964,2268,696,14820
ST04,8/18/2022,8806,6791,5007,1784,33955
ST04,8/19/2022,8479,1887,1591,296,9435
ST04,8/20/2022,4651,1834,1512,322,9170
ST04,8/21/2022,3292,2542,2139,403,12710
ST04,8/22/2022,6246,1478,1099,379,7390
ST04,8/23/2022,8208,5072,3569,1503,25360
ST04,8/24/2022,9636,8945,8155,790,44725
ST04,8/25/2022,8418,1382,1147,235,6910
ST04,8/26/2022,6932,2112,1826,286,10560
ST04,8/27/2022,5916,2847,2133,714,14235
ST04,8/28/2022,3486,1555,1176,379,7775
ST04,8/29/2022,6803,3153,2621,532,15765
ST04,8/30/2022,8111,5643,5035,608,28215
ST04,8/31/2022,3237,1412,1115,297,7060
ST04,9/1/2022,6688,1243,918,325,6215
ST04,9/2/2022,7923,1538,1170,368,7690
ST04,9/3/2022,3735,2956,2644,312,14780
ST04,9/4/2022,3870,3244,2293,951,16220
ST04,9/5/2022,5342,4178,2998,1180,20890
ST04,9/6/2022,9132,6976,4891,2085,34880
ST04,9/7/2022,8267,7046,5484,1562,35230
ST04,9/8/2022,7205,6731,5979,752,33655
ST04,9/9/2022,9412,1483,1221,262,7415
ST04,9/10/2022,3193,786,562,224,3930
ST04,9/11/2022,8252,3320,2564,756,16600
ST04,9/12/2022,8978,1329,962,367,6645
ST04,9/13/2022,8886,1339,1034,305,6695
ST04,9/14/2022,4314,2729,2065,664,13645
ST04,9/15/2022,5078,4728,3578,1150,23640
ST04,9/16/2022,5232,2676,2170,506,13380
ST04,9/17/2022,9965,1169,1042,127,5845
ST04,9/18/2022,3919,2925,2172,753,14625
ST04,9/19/2022,6649,6191,4624,1567,30955
ST04,9/20/2022,6498,4870,3805,1065,24350
ST04,9/21/2022,7538,6528,5494,1034,32640
ST04,9/22/2022,8393,7968,6722,1246,39840
ST04,9/23/2022,6039,4573,4059,514,22865
ST04,9/24/2022,9841,3315,3039,276,16575
ST04,9/25/2022,4183,1972,1588,384,9860
ST04,9/26/2022,9890,4132,3792,340,20660
ST04,9/27/2022,4521,4263,3672,591,21315
ST04,9/28/2022,4323,1442,1263,179,7210
ST04,9/29/2022,8485,3464,2478,986,17320
ST04,9/30/2022,4512,3341,2411,930,16705
ST04,10/1/2022,7107,2855,2162,693,14275
ST04,10/2/2022,3783,892,820,72,4460
ST04,10/3/2022,6514,5065,4309,756,25325
ST04,10/4/2022,9611,5322,4756,566,26610
ST04,10/5/2022,3951,2929,2491,438,14645
ST04,10/6/2022,9133,8491,7024,1467,42455
ST04,10/7/2022,9647,2802,2389,413,14010
ST04,10/8/2022,3570,2643,2283,360,13215
ST04,10/9/2022,5560,3237,2320,917,16185
ST04,10/10/2022,9144,6766,5481,1285,33830
ST04,10/11/2022,3083,1214,1037,177,6070
ST04,10/12/2022,4765,4014,3293,721,20070
ST04,10/13/2022,4766,4363,3220,1143,21815
ST04,10/14/2022,4355,918,757,161,4590
ST04,10/15/2022,9926,5308,4508,800,26540
ST04,10/16/2022,9892,6747,5291,1456,33735
ST04,10/17/2022,6071,1449,1168,281,7245
ST04,10/18/2022,6145,2964,2142,822,14820
ST04,10/19/2022,7936,1921,1423,498,9605
ST04,10/20/2022,3544,952,732,220,4760
ST04,10/21/2022,3860,3698,3145,553,18490
ST04,10/22/2022,5933,4420,3709,711,22100
ST04,10/23/2022,5482,1368,1062,306,6840
ST04,10/24/2022,8404,8105,6165,1940,40525
ST04,10/25/2022,5579,2549,2211,338,12745
ST04,10/26/2022,8529,3693,2956,737,18465
ST04,10/27/2022,4486,2525,1932,593,12625
ST04,10/28/2022,9206,7474,5610,1864,37370
ST04,10/29/2022,7409,6989,5491,1498,34945
ST04,10/30/2022,9255,5967,5283,684,29835
ST04,10/31/2022,3958,555,392,163,2775
ST04,11/1/2022,8491,1202,862,340,6010
ST04,11/2/2022,4910,4637,4112,525,23185
ST04,11/3/2022,9587,7088,5441,1647,35440
ST04,11/4/2022,7843,1031,895,136,5155
ST04,11/5/2022,6734,3295,2987,308,16475
ST04,11/6/2022,4594,3020,2372,648,15100
ST04,11/7/2022,5787,958,789,169,4790
ST04,11/8/2022,4788,3413,2628,785,17065
ST04,11/9/2022,8196,3550,2566,984,17750
ST04,11/10/2022,4753,591,436,155,2955
ST04,11/11/2022,7268,7062,6031,1031,35310
ST04,11/12/2022,4034,2943,2529,414,14715
ST04,11/13/2022,4388,1050,763,287,5250
ST04,11/14/2022,4523,2859,2268,591,14295
ST04,11/15/2022,7467,2752,2335,417,13760
ST04,11/16/2022,3756,546,404,142,2730
ST04,11/17/2022,6837,2265,1656,609,11325
ST04,11/18/2022,5113,1570,1426,144,7850
ST04,11/19/2022,5638,3984,3629,355,19920
ST04,11/20/2022,7838,5999,4982,1017,29995
ST04,11/21/2022,5697,2269,1986,283,11345
ST04,11/22/2022,4866,818,693,125,4090
ST04,11/23/2022,5487,4642,3770,872,23210
ST04,11/24/2022,5643,5081,3572,1509,25405
ST04,11/25/2022,3694,1149,965,184,5745
ST04,11/26/2022,4280,4116,3365,751,20580
ST04,11/27/2022,6113,5829,5219,610,29145
ST04,11/28/2022,9896,7791,5624,2167,38955
ST04,11/29/2022,4114,1704,1279,425,8520
ST04,11/30/2022,9925,8732,6938,1794,43660
ST04,12/1/2022,8543,7721,5474,2247,38605
ST04,12/2/2022,3693,615,438,177,3075
ST04,12/3/2022,6381,923,838,85,4615
ST04,12/4/2022,6915,3456,2691,765,17280
ST04,12/5/2022,6652,2255,1597,658,11275
ST04,12/6/2022,7340,2586,2112,474,12930
ST04,12/7/2022,5774,3918,3176,742,19590
ST04,12/8/2022,7429,1847,1638,209,9235
ST04,12/9/2022,7227,6567,5390,1177,32835
ST04,12/10/2022,7311,5060,4165,895,25300
ST04,12/11/2022,4988,981,772,209,4905
ST04,12/12/2022,6008,5785,4246,1539,28925
ST04,12/13/2022,3976,1263,925,338,6315
ST04,12/14/2022,6319,1345,986,359,6725
ST04,12/15/2022,5773,3064,2676,388,15320
ST04,12/16/2022,3506,1677,1199,478,8385
ST04,12/17/2022,5095,3892,3022,870,19460
ST04,12/18/2022,8335,6507,5507,1000,32535
ST04,12/19/2022,8535,8239,7278,961,41195
ST04,12/20/2022,3303,468,387,81,2340
ST04,12/21/2022,4451,1431,1170,261,7155
ST04,12/22/2022,9609,7059,6159,900,35295
ST04,12/23/2022,6705,757,630,127,3785
ST04,12/24/2022,9216,6967,5240,1727,34835
ST04,12/25/2022,4633,1551,1203,348,7755
ST04,12/26/2022,4771,3985,3455,530,19925
ST04,12/27/2022,9401,4486,3202,1284,22430
ST04,12/28/2022,7548,2778,2194,584,13890
ST04,12/29/2022,3885,3708,3034,674,18540
ST04,12/30/2022,7239,4419,3929,490,22095
ST04,12/31/2022,3932,3124,2444,680,15620
ST05,1/1/2022,3015,477,373,104,2385
ST05,1/2/2022,7628,1059,815,244,5295
ST05,1/3/2022,3432,2757,2122,635,13785
ST05,1/4/2022,7804,1175,1030,145,5875
ST05,1/5/2022,9375,4909,4490,419,24545
ST05,1/6/2022,8187,1013,848,165,5065
ST05,1/7/2022,4382,3224,2708,516,16120
ST05,1/8/2022,8402,6633,4964,1669,33165
ST05,1/9/2022,5914,1735,1288,447,8675
ST05,1/10/2022,4424,2412,1968,444,12060
ST05,1/11/2022,6481,2840,2242,598,14200
ST05,1/12/2022,7752,1210,1011,199,6050
ST05,1/13/2022,9887,3137,2602,535,15685
ST05,1/14/2022,5037,1398,995,403,6990
ST05,1/15/2022,9306,2292,1905,387,11460
ST05,1/16/2022,8476,8136,6947,1189,40680
ST05,1/17/2022,4355,1281,918,363,6405
ST05,1/18/2022,7658,4028,3563,465,20140
ST05,1/19/2022,6697,3131,2192,939,15655
ST05,1/20/2022,7189,864,611,253,4320
ST05,1/21/2022,3061,405,364,41,2025
ST05,1/22/2022,3751,1357,1122,235,6785
ST05,1/23/2022,3957,1195,973,222,5975
ST05,1/24/2022,8764,2557,2260,297,12785
ST05,1/25/2022,4148,2902,2152,750,14510
ST05,1/26/2022,8841,6757,6095,662,33785
ST05,1/27/2022,8347,2982,2453,529,14910
ST05,1/28/2022,5585,1586,1369,217,7930
ST05,1/29/2022,7841,2470,2236,234,12350
ST05,1/30/2022,9050,7364,6460,904,36820
ST05,1/31/2022,5084,1847,1517,330,9235
ST05,2/1/2022,6767,1291,1007,284,6455
ST05,2/2/2022,3692,2454,2136,318,12270
ST05,2/3/2022,4560,2323,1699,624,11615
ST05,2/4/2022,7595,1687,1551,136,8435
ST05,2/5/2022,9560,9003,8107,896,45015
ST05,2/6/2022,9829,8122,6785,1337,40610
ST05,2/7/2022,7843,1997,1558,439,9985
ST05,2/8/2022,3993,809,655,154,4045
ST05,2/9/2022,3684,1709,1288,421,8545
ST05,2/10/2022,5010,1020,870,150,5100
ST05,2/11/2022,7450,6189,5509,680,30945
ST05,2/12/2022,4523,3367,2755,612,16835
ST05,2/13/2022,3862,3448,2747,701,17240
ST05,2/14/2022,6742,5161,4355,806,25805
ST05,2/15/2022,6671,1581,1376,205,7905
ST05,2/16/2022,9578,2311,2025,286,11555
ST05,2/17/2022,5357,2553,2240,313,12765
ST05,2/18/2022,8413,5690,4878,812,28450
ST05,2/19/2022,4951,4239,3431,808,21195
ST05,2/20/2022,4746,1843,1683,160,9215
ST05,2/21/2022,5680,1678,1536,142,8390
ST05,2/22/2022,6753,3974,3011,963,19870
ST05,2/23/2022,5239,4522,3357,1165,22610
ST05,2/24/2022,6293,3378,2655,723,16890
ST05,2/25/2022,7417,4556,3591,965,22780
ST05,2/26/2022,7546,7200,5155,2045,36000
ST05,2/27/2022,3326,1159,832,327,5795
ST05,2/28/2022,8144,2974,2099,875,14870
ST05,3/1/2022,7068,6589,6055,534,32945
ST05,3/2/2022,6269,6073,4924,1149,30365
ST05,3/3/2022,9938,8853,8116,737,44265
ST05,3/4/2022,9407,5977,4942,1035,29885
ST05,3/5/2022,6750,3691,2843,848,18455
ST05,3/6/2022,5998,4354,3278,1076,21770
ST05,3/7/2022,4459,2965,2657,308,14825
ST05,3/8/2022,9148,4458,3876,582,22290
ST05,3/9/2022,7020,1769,1511,258,8845
ST05,3/10/2022,4893,4031,3512,519,20155
ST05,3/11/2022,5736,3266,2720,546,16330
ST05,3/12/2022,8297,7445,6770,675,37225
ST05,3/13/2022,9884,7744,6379,1365,38720
ST05,3/14/2022,4436,3182,2746,436,15910
ST05,3/15/2022,6208,4113,3241,872,20565
ST05,3/16/2022,6964,2955,2513,442,14775
ST05,3/17/2022,5212,3743,2627,1116,18715
ST05,3/18/2022,8783,5803,4910,893,29015
ST05,3/19/2022,8684,3447,2924,523,17235
ST05,3/20/2022,9706,4749,3658,1091,23745
ST05,3/21/2022,6236,4377,3573,804,21885
ST05,3/22/2022,5123,1926,1660,266,9630
ST05,3/23/2022,3786,2476,1821,655,12380
ST05,3/24/2022,9547,2231,1760,471,11155
ST05,3/25/2022,5320,2265,2024,241,11325
ST05,3/26/2022,4624,714,520,194,3570
ST05,3/27/2022,8412,3090,2249,841,15450
ST05,3/28/2022,7396,6256,5547,709,31280
ST05,3/29/2022,7291,5598,3988,1610,27990
ST05,3/30/2022,3279,3136,2484,652,15680
ST05,3/31/2022,6445,4182,3354,828,20910
ST05,4/1/2022,4317,662,501,161,3310
ST05,4/2/2022,8983,7974,6601,1373,39870
ST05,4/3/2022,6287,1410,1210,200,7050
ST05,4/4/2022,5166,1617,1480,137,8085
ST05,4/5/2022,9586,8418,6999,1419,42090
ST05,4/6/2022,7328,3494,3106,388,17470
ST05,4/7/2022,5868,5020,4316,704,25100
ST05,4/8/2022,4547,3271,2586,685,16355
ST05,4/9/2022,3626,3402,2794,608,17010
ST05,4/10/2022,3743,3313,2383,930,16565
ST05,4/11/2022,7430,6426,4870,1556,32130
ST05,4/12/2022,3346,1411,1012,399,7055
ST05,4/13/2022,7716,7478,6276,1202,37390
ST05,4/14/2022,3099,2126,1501,625,10630
ST05,4/15/2022,7120,2285,2063,222,11425
ST05,4/16/2022,4806,2275,2062,213,11375
ST05,4/17/2022,3135,856,725,131,4280
ST05,4/18/2022,9567,5093,3663,1430,25465
ST05,4/19/2022,8553,6815,5568,1247,34075
ST05,4/20/2022,6675,2367,1949,418,11835
ST05,4/21/2022,6408,2914,2155,759,14570
ST05,4/22/2022,9650,5868,4322,1546,29340
ST05,4/23/2022,4854,562,405,157,2810
ST05,4/24/2022,6124,1392,1068,324,6960
ST05,4/25/2022,9850,6664,5672,992,33320
ST05,4/26/2022,6801,5126,3801,1325,25630
ST05,4/27/2022,5636,4421,3838,583,22105
ST05,4/28/2022,3945,2789,2542,247,13945
ST05,4/29/2022,7290,1769,1346,423,8845
ST05,4/30/2022,4017,3714,2803,911,18570
ST05,5/1/2022,3335,2327,2039,288,11635
ST05,5/2/2022,3789,2628,2180,448,13140
ST05,5/3/2022,7143,2806,2536,270,14030
ST05,5/4/2022,8901,6185,4537,1648,30925
ST05,5/5/2022,9135,2166,1597,569,10830
ST05,5/6/2022,5154,1368,1248,120,6840
ST05,5/7/2022,7075,5027,3567,1460,25135
ST05,5/8/2022,8041,5639,4729,910,28195
ST05,5/9/2022,6687,5794,4869,925,28970
ST05,5/10/2022,4648,3638,3160,478,18190
ST05,5/11/2022,3970,544,395,149,2720
ST05,5/12/2022,8835,7837,6234,1603,39185
ST05,5/13/2022,5676,2222,1582,640,11110
ST05,5/14/2022,8541,2138,1798,340,10690
ST05,5/15/2022,5226,1360,1098,262,6800
ST05,5/16/2022,7033,2513,1779,734,12565
ST05,5/17/2022,4506,2159,1565,594,10795
ST05,5/18/2022,8266,4288,3114,1174,21440
ST05,5/19/2022,6603,1532,1155,377,7660
ST05,5/20/2022,7173,5514,4329,1185,27570
ST05,5/21/2022,4047,2914,2679,235,14570
ST05,5/22/2022,6685,2100,1611,489,10500
ST05,5/23/2022,6277,2737,2194,543,13685
ST05,5/24/2022,5268,3372,2685,687,16860
ST05,5/25/2022,4111,945,818,127,4725
ST05,5/26/2022,6080,3703,2964,739,18515
ST05,5/27/2022,9552,5504,4549,955,27520
ST05,5/28/2022,9485,8627,6324,2303,43135
ST05,5/29/2022,9638,6350,5832,518,31750
ST05,5/30/2022,7708,2076,1540,536,10380
ST05,5/31/2022,4031,2595,2001,594,12975
ST05,6/1/2022,3662,3131,2822,309,15655
ST05,6/2/2022,8368,6109,5460,649,30545
ST05,6/3/2022,8475,4807,3803,1004,24035
ST05,6/4/2022,3678,2081,1754,327,10405
ST05,6/5/2022,9695,1121,884,237,5605
ST05,6/6/2022,5618,3370,2846,524,16850
ST05,6/7/2022,5518,4339,3277,1062,21695
ST05,6/8/2022,7127,4845,4347,498,24225
ST05,6/9/2022,6594,900,795,105,4500
ST05,6/10/2022,8194,4782,3738,1044,23910
ST05,6/11/2022,6062,5503,4728,775,27515
ST05,6/12/2022,7691,5947,4441,1506,29735
ST05,6/13/2022,4392,2412,2064,348,12060
ST05,6/14/2022,9195,5936,5156,780,29680
ST05,6/15/2022,9145,4870,4099,771,24350
ST05,6/16/2022,3346,827,630,197,4135
ST05,6/17/2022,6525,892,706,186,4460
ST05,6/18/2022,9965,2229,1561,668,11145
ST05,6/19/2022,6256,1651,1435,216,8255
ST05,6/20/2022,4987,2760,2394,366,13800
ST05,6/21/2022,6572,4997,4223,774,24985
ST05,6/22/2022,4282,616,521,95,3080
ST05,6/23/2022,4947,1320,954,366,6600
ST05,6/24/2022,6466,1561,1095,466,7805
ST05,6/25/2022,3302,374,297,77,1870
ST05,6/26/2022,7935,3824,2702,1122,19120
ST05,6/27/2022,6304,5640,4014,1626,28200
ST05,6/28/2022,5522,1440,1153,287,7200
ST05,6/29/2022,7691,2787,2080,707,13935
ST05,6/30/2022,3988,1149,1038,111,5745
ST05,7/1/2022,9750,3023,2341,682,15115
ST05,7/2/2022,3178,2199,1979,220,10995
ST05,7/3/2022,8902,1078,855,223,5390
ST05,7/4/2022,3053,2370,1731,639,11850
ST05,7/5/2022,6197,3750,2722,1028,18750
ST05,7/6/2022,7152,6106,5193,913,30530
ST05,7/7/2022,9601,8409,7064,1345,42045
ST05,7/8/2022,6170,4225,3839,386,21125
ST05,7/9/2022,7622,2396,2110,286,11980
ST05,7/10/2022,3653,2611,1870,741,13055
ST05,7/11/2022,9489,3067,2337,730,15335
ST05,7/12/2022,8689,3159,2268,891,15795
ST05,7/13/2022,7910,3930,3120,810,19650
ST05,7/14/2022,5355,2347,1817,530,11735
ST05,7/15/2022,8940,4900,3855,1045,24500
ST05,7/16/2022,5881,5444,4389,1055,27220
ST05,7/17/2022,5513,816,716,100,4080
ST05,7/18/2022,6223,2364,1996,368,11820
ST05,7/19/2022,9649,9526,6707,2819,47630
ST05,7/20/2022,5085,3363,2449,914,16815
ST05,7/21/2022,4852,1711,1265,446,8555
ST05,7/22/2022,7764,4748,3613,1135,23740
ST05,7/23/2022,9145,4656,3848,808,23280
ST05,7/24/2022,5874,1327,1085,242,6635
ST05,7/25/2022,9465,1158,1003,155,5790
ST05,7/26/2022,5481,2008,1809,199,10040
ST05,7/27/2022,8333,7076,6375,701,35380
ST05,7/28/2022,9575,4882,3863,1019,24410
ST05,7/29/2022,5948,2277,1745,532,11385
ST05,7/30/2022,8850,1169,990,179,5845
ST05,7/31/2022,3141,439,332,107,2195
ST05,8/1/2022,9896,9773,8550,1223,48865
ST05,8/2/2022,3180,2291,1787,504,11455
ST05,8/3/2022,3203,534,465,69,2670
ST05,8/4/2022,5987,5690,5227,463,28450
ST05,8/5/2022,5210,2711,2172,539,13555
ST05,8/6/2022,9905,2358,2074,284,11790
ST05,8/7/2022,3306,3082,2730,352,15410
ST05,8/8/2022,4718,951,731,220,4755
ST05,8/9/2022,9357,3048,2597,451,15240
ST05,8/10/2022,4429,640,475,165,3200
ST05,8/11/2022,5307,658,465,193,3290
ST05,8/12/2022,9678,4598,3496,1102,22990
ST05,8/13/2022,3919,494,407,87,2470
ST05,8/14/2022,5575,4500,3852,648,22500
ST05,8/15/2022,9993,8036,6435,1601,40180
ST05,8/16/2022,9268,5189,4113,1076,25945
ST05,8/17/2022,8998,2144,1781,363,10720
ST05,8/18/2022,5349,4585,3353,1232,22925
ST05,8/19/2022,3500,2885,2029,856,14425
ST05,8/20/2022,4383,1967,1703,264,9835
ST05,8/21/2022,6624,6221,5599,622,31105
ST05,8/22/2022,4949,2175,1789,386,10875
ST05,8/23/2022,7373,2030,1705,325,10150
ST05,8/24/2022,9420,5662,4868,794,28310
ST05,8/25/2022,4044,2497,2288,209,12485
ST05,8/26/2022,4957,1331,1100,231,6655
ST05,8/27/2022,4380,2908,2087,821,14540
ST05,8/28/2022,7441,6530,5245,1285,32650
ST05,8/29/2022,6760,1842,1602,240,9210
ST05,8/30/2022,3950,2798,1998,800,13990
ST05,8/31/2022,7351,6768,5310,1458,33840
ST05,9/1/2022,8316,8153,7060,1093,40765
ST05,9/2/2022,7640,1007,734,273,5035
ST05,9/3/2022,3405,1636,1390,246,8180
ST05,9/4/2022,3411,1658,1495,163,8290
ST05,9/5/2022,5456,2403,2174,229,12015
ST05,9/6/2022,6882,5989,5055,934,29945
ST05,9/7/2022,3139,2768,2349,419,13840
ST05,9/8/2022,6618,4562,3572,990,22810
ST05,9/9/2022,9697,5601,4022,1579,28005
ST05,9/10/2022,3273,3132,2704,428,15660
ST05,9/11/2022,3593,2352,1873,479,11760
ST05,9/12/2022,7472,7127,6211,916,35635
ST05,9/13/2022,4992,4216,3337,879,21080
ST05,9/14/2022,4513,594,447,147,2970
ST05,9/15/2022,9910,5101,4605,496,25505
ST05,9/16/2022,7896,6474,5108,1366,32370
ST05,9/17/2022,6283,1280,1032,248,6400
ST05,9/18/2022,3800,1659,1174,485,8295
ST05,9/19/2022,3464,2949,2335,614,14745
ST05,9/20/2022,7180,6246,5675,571,31230
ST05,9/21/2022,5538,3665,3271,394,18325
ST05,9/22/2022,7983,1193,874,319,5965
ST05,9/23/2022,4494,2803,2209,594,14015
ST05,9/24/2022,5836,1508,1320,188,7540
ST05,9/25/2022,5467,4428,3810,618,22140
ST05,9/26/2022,9775,4290,3483,807,21450
ST05,9/27/2022,5611,5199,3654,1545,25995
ST05,9/28/2022,5143,638,583,55,3190
ST05,9/29/2022,7037,3799,3306,493,18995
ST05,9/30/2022,9947,4347,3820,527,21735
ST05,10/1/2022,6385,4515,4087,428,22575
ST05,10/2/2022,9698,7891,6294,1597,39455
ST05,10/3/2022,5021,3590,2794,796,17950
ST05,10/4/2022,3456,383,306,77,1915
ST05,10/5/2022,9905,3485,2679,806,17425
ST05,10/6/2022,4821,3182,2593,589,15910
ST05,10/7/2022,6123,3164,2710,454,15820
ST05,10/8/2022,4172,1376,992,384,6880
ST05,10/9/2022,5728,3886,2939,947,19430
ST05,10/10/2022,6251,5509,4750,759,27545
ST05,10/11/2022,3226,2423,1779,644,12115
ST05,10/12/2022,8404,999,751,248,4995
ST05,10/13/2022,9993,7440,6466,974,37200
ST05,10/14/2022,8059,4863,4297,566,24315
ST05,10/15/2022,5418,2261,1933,328,11305
ST05,10/16/2022,5741,5540,4622,918,27700
ST05,10/17/2022,8096,1405,1154,251,7025
ST05,10/18/2022,9066,5110,4370,740,25550
ST05,10/19/2022,3414,1667,1311,356,8335
ST05,10/20/2022,8895,7386,5882,1504,36930
ST05,10/21/2022,7360,2086,1659,427,10430
ST05,10/22/2022,3653,1801,1471,330,9005
ST05,10/23/2022,5916,4696,3438,1258,23480
ST05,10/24/2022,6771,2491,1952,539,12455
ST05,10/25/2022,9008,4971,4303,668,24855
ST05,10/26/2022,7348,1305,1023,282,6525
ST05,10/27/2022,9637,2983,2143,840,14915
ST05,10/28/2022,6349,2283,1799,484,11415
ST05,10/29/2022,9759,1097,982,115,5485
ST05,10/30/2022,4731,2162,1791,371,10810
ST05,10/31/2022,8352,4882,4354,528,24410
ST05,11/1/2022,8000,5549,4151,1398,27745
ST05,11/2/2022,6464,6182,4438,1744,30910
ST05,11/3/2022,6970,2036,1740,296,10180
ST05,11/4/2022,8817,4730,3915,815,23650
ST05,11/5/2022,3622,1676,1313,363,8380
ST05,11/6/2022,9443,3388,3054,334,16940
ST05,11/7/2022,9510,8693,6738,1955,43465
ST05,11/8/2022,6643,2940,2502,438,14700
ST05,11/9/2022,3276,3027,2304,723,15135
ST05,11/10/2022,7760,2926,2368,558,14630
ST05,11/11/2022,6499,4039,3159,880,20195
ST05,11/12/2022,5276,1715,1440,275,8575
ST05,11/13/2022,5633,2292,1884,408,11460
ST05,11/14/2022,5807,3590,2908,682,17950
ST05,11/15/2022,6729,6072,5159,913,30360
ST05,11/16/2022,9954,8338,7283,1055,41690
ST05,11/17/2022,7437,3416,2682,734,17080
ST05,11/18/2022,6752,3605,2748,857,18025
ST05,11/19/2022,4401,1301,986,315,6505
ST05,11/20/2022,9132,2070,1767,303,10350
ST05,11/21/2022,9278,5914,4345,1569,29570
ST05,11/22/2022,4272,1872,1595,277,9360
ST05,11/23/2022,4876,4580,3319,1261,22900
ST05,11/24/2022,3666,2043,1523,520,10215
ST05,11/25/2022,9448,2475,1845,630,12375
ST05,11/26/2022,5505,2037,1604,433,10185
ST05,11/27/2022,5460,4882,3841,1041,24410
ST05,11/28/2022,5702,3145,2665,480,15725
ST05,11/29/2022,5204,1049,741,308,5245
ST05,11/30/2022,9241,6968,6149,819,34840
ST05,12/1/2022,3845,3296,2600,696,16480
ST05,12/2/2022,8898,7508,6880,628,37540
ST05,12/3/2022,4676,564,463,101,2820
ST05,12/4/2022,6876,3225,2370,855,16125
ST05,12/5/2022,3813,2158,1568,590,10790
ST05,12/6/2022,4374,3643,3100,543,18215
ST05,12/7/2022,6185,1015,843,172,5075
ST05,12/8/2022,9337,6716,5749,967,33580
ST05,12/9/2022,9612,7043,6120,923,35215
ST05,12/10/2022,5576,4811,4352,459,24055
ST05,12/11/2022,3188,1262,1014,248,6310
ST05,12/12/2022,8582,6583,5840,743,32915
ST05,12/13/2022,4306,3366,2416,950,16830
ST05,12/14/2022,9391,6658,4864,1794,33290
ST05,12/15/2022,8586,4632,4167,465,23160
ST05,12/16/2022,6620,3675,2749,926,18375
ST05,12/17/2022,6055,2025,1634,391,10125
ST05,12/18/2022,5469,3142,2741,401,15710
ST05,12/19/2022,7517,1690,1385,305,8450
ST05,12/20/2022,6190,3809,3203,606,19045
ST05,12/21/2022,6530,1573,1272,301,7865
ST05,12/22/2022,5054,646,507,139,3230
ST05,12/23/2022,3017,2118,1618,500,10590
ST05,12/24/2022,8266,1262,1132,130,6310
ST05,12/25/2022,6055,2807,2087,720,14035
ST05,12/26/2022,6815,3704,2990,714,18520
ST05,12/27/2022,6403,2932,2648,284,14660
ST05,12/28/2022,7674,2938,2259,679,14690
ST05,12/29/2022,4314,1605,1225,380,8025
ST05,12/30/2022,9312,7605,5464,2141,38025
ST05,12/31/2022,3105,676,546,130,3380
ST06,1/1/2022,5408,4640,4149,491,23200
ST06,1/2/2022,5490,884,807,77,4420
ST06,1/3/2022,5308,2286,1633,653,11430
ST06,1/4/2022,3917,999,907,92,4995
ST06,1/5/2022,6193,5521,3975,1546,27605
ST06,1/6/2022,9640,8231,5852,2379,41155
ST06,1/7/2022,4743,2578,2261,317,12890
ST06,1/8/2022,5287,2130,1944,186,10650
ST06,1/9/2022,8073,1833,1405,428,9165
ST06,1/10/2022,7430,6916,6237,679,34580
ST06,1/11/2022,8360,2412,1727,685,12060
ST06,1/12/2022,7605,6829,5066,1763,34145
ST06,1/13/2022,7805,1177,908,269,5885
ST06,1/14/2022,3172,2638,2152,486,13190
ST06,1/15/2022,3952,2903,2599,304,14515
ST06,1/16/2022,6880,3824,3203,621,19120
ST06,1/17/2022,3867,649,483,166,3245
ST06,1/18/2022,5520,3566,2702,864,17830
ST06,1/19/2022,9454,8274,6569,1705,41370
ST06,1/20/2022,7284,1788,1481,307,8940
ST06,1/21/2022,9190,8871,6798,2073,44355
ST06,1/22/2022,6057,5077,4589,488,25385
ST06,1/23/2022,7766,5167,3828,1339,25835
ST06,1/24/2022,9422,2119,1732,387,10595
ST06,1/25/2022,3931,1335,1099,236,6675
ST06,1/26/2022,8527,1223,952,271,6115
ST06,1/27/2022,9482,6653,5588,1065,33265
ST06,1/28/2022,6007,2381,2002,379,11905
ST06,1/29/2022,7050,5240,4673,567,26200
ST06,1/30/2022,9919,1607,1379,228,8035
ST06,1/31/2022,3714,3547,2942,605,17735
ST06,2/1/2022,8381,4112,3485,627,20560
ST06,2/2/2022,5545,4912,3994,918,24560
ST06,2/3/2022,8411,3965,2917,1048,19825
ST06,2/4/2022,4541,1041,943,98,5205
ST06,2/5/2022,3554,490,345,145,2450
ST06,2/6/2022,3153,2371,1964,407,11855
ST06,2/7/2022,9544,1436,1208,228,7180
ST06,2/8/2022,9146,5805,5303,502,29025
ST06,2/9/2022,3535,3230,2668,562,16150
ST06,2/10/2022,4757,1250,1104,146,6250
ST06,2/11/2022,7621,886,682,204,4430
ST06,2/12/2022,4150,1822,1669,153,9110
ST06,2/13/2022,5029,2520,2031,489,12600
ST06,2/14/2022,7304,1813,1623,190,9065
ST06,2/15/2022,3061,958,711,247,4790
ST06,2/16/2022,3492,1062,855,207,5310
ST06,2/17/2022,3075,511,396,115,2555
ST06,2/18/2022,5557,3646,2741,905,18230
ST06,2/19/2022,3897,568,444,124,2840
ST06,2/20/2022,5733,1607,1429,178,8035
ST06,2/21/2022,7669,4885,3722,1163,24425
ST06,2/22/2022,8532,4825,4126,699,24125
ST06,2/23/2022,8498,1919,1367,552,9595
ST06,2/24/2022,7514,5038,4383,655,25190
ST06,2/25/2022,6184,1549,1391,158,7745
ST06,2/26/2022,5133,1098,870,228,5490
ST06,2/27/2022,9461,3193,2533,660,15965
ST06,2/28/2022,8468,1492,1191,301,7460
ST06,3/1/2022,8171,7231,6040,1191,36155
ST06,3/2/2022,6296,874,694,180,4370
ST06,3/3/2022,4923,4757,3361,1396,23785
ST06,3/4/2022,5127,3231,2707,524,16155
ST06,3/5/2022,3203,369,272,97,1845
ST06,3/6/2022,4956,1665,1486,179,8325
ST06,3/7/2022,7520,3115,2552,563,15575
ST06,3/8/2022,5742,4671,3723,948,23355
ST06,3/9/2022,6360,3367,2535,832,16835
ST06,3/10/2022,9010,3069,2525,544,15345
ST06,3/11/2022,3131,2469,1882,587,12345
ST06,3/12/2022,5752,1508,1259,249,7540
ST06,3/13/2022,6874,4047,3139,908,20235
ST06,3/14/2022,8509,2679,2288,391,13395
ST06,3/15/2022,3087,2857,2428,429,14285
ST06,3/16/2022,3817,723,638,85,3615
ST06,3/17/2022,8896,5487,4527,960,27435
ST06,3/18/2022,5730,992,806,186,4960
ST06,3/19/2022,7012,4209,3406,803,21045
ST06,3/20/2022,3312,2817,2423,394,14085
ST06,3/21/2022,5330,3179,2892,287,15895
ST06,3/22/2022,9974,1160,1040,120,5800
ST06,3/23/2022,7396,5828,4869,959,29140
ST06,3/24/2022,3641,1402,1199,203,7010
ST06,3/25/2022,7329,7138,6454,684,35690
ST06,3/26/2022,5513,3117,2641,476,15585
ST06,3/27/2022,7868,5810,5238,572,29050
ST06,3/28/2022,3106,933,751,182,4665
ST06,3/29/2022,4389,1488,1135,353,7440
ST06,3/30/2022,5249,1915,1548,367,9575
ST06,3/31/2022,9961,2305,1941,364,11525
ST06,4/1/2022,4640,3582,3126,456,17910
ST06,4/2/2022,7962,6913,5819,1094,34565
ST06,4/3/2022,5231,966,884,82,4830
ST06,4/4/2022,6833,3882,3206,676,19410
ST06,4/5/2022,4621,1359,1222,137,6795
ST06,4/6/2022,5615,3263,2971,292,16315
ST06,4/7/2022,9754,1135,825,310,5675
ST06,4/8/2022,7104,3881,3094,787,19405
ST06,4/9/2022,3804,858,741,117,4290
ST06,4/10/2022,7246,5160,4514,646,25800
ST06,4/11/2022,9725,4842,4211,631,24210
ST06,4/12/2022,3949,3301,2672,629,16505
ST06,4/13/2022,8217,2524,1987,537,12620
ST06,4/14/2022,3217,2101,1540,561,10505
ST06,4/15/2022,4000,1532,1210,322,7660
ST06,4/16/2022,4756,4375,3598,777,21875
ST06,4/17/2022,9700,7263,6319,944,36315
ST06,4/18/2022,9278,4719,4194,525,23595
ST06,4/19/2022,5170,4584,3272,1312,22920
ST06,4/20/2022,3805,3033,2217,816,15165
ST06,4/21/2022,5820,732,562,170,3660
ST06,4/22/2022,6127,4332,3584,748,21660
ST06,4/23/2022,8858,6786,6043,743,33930
ST06,4/24/2022,3021,891,707,184,4455
ST06,4/25/2022,6727,4374,3134,1240,21870
ST06,4/26/2022,3772,3085,2760,325,15425
ST06,4/27/2022,6922,1591,1258,333,7955
ST06,4/28/2022,8656,3827,3188,639,19135
ST06,4/29/2022,5690,671,572,99,3355
ST06,4/30/2022,4158,3748,3364,384,18740
ST06,5/1/2022,5278,2382,1869,513,11910
ST06,5/2/2022,9962,1649,1226,423,8245
ST06,5/3/2022,7165,4346,3866,480,21730
ST06,5/4/2022,5126,4914,3668,1246,24570
ST06,5/5/2022,4268,3258,2749,509,16290
ST06,5/6/2022,8139,3072,2678,394,15360
ST06,5/7/2022,5708,1352,1198,154,6760
ST06,5/8/2022,4166,2976,2197,779,14880
ST06,5/9/2022,8542,1057,961,96,5285
ST06,5/10/2022,6348,704,575,129,3520
ST06,5/11/2022,6597,6303,4907,1396,31515
ST06,5/12/2022,4263,995,762,233,4975
ST06,5/13/2022,3131,923,732,191,4615
ST06,5/14/2022,7673,1779,1466,313,8895
ST06,5/15/2022,3987,1724,1366,358,8620
ST06,5/16/2022,5897,4074,3293,781,20370
ST06,5/17/2022,8605,5751,4385,1366,28755
ST06,5/18/2022,8490,4577,3486,1091,22885
ST06,5/19/2022,6043,3282,2421,861,16410
ST06,5/20/2022,3947,912,818,94,4560
ST06,5/21/2022,6394,2933,2077,856,14665
ST06,5/22/2022,3025,1774,1538,236,8870
ST06,5/23/2022,5734,2828,2449,379,14140
ST06,5/24/2022,3510,1714,1377,337,8570
ST06,5/25/2022,9779,2763,2023,740,13815
ST06,5/26/2022,6633,5131,4626,505,25655
ST06,5/27/2022,9086,1647,1281,366,8235
ST06,5/28/2022,7938,5297,4437,860,26485
ST06,5/29/2022,4007,3798,3340,458,18990
ST06,5/30/2022,6020,4948,4410,538,24740
ST06,5/31/2022,3557,1043,780,263,5215
ST06,6/1/2022,7586,7011,6159,852,35055
ST06,6/2/2022,3092,932,669,263,4660
ST06,6/3/2022,9587,8600,7458,1142,43000
ST06,6/4/2022,8310,1809,1268,541,9045
ST06,6/5/2022,8030,2375,2019,356,11875
ST06,6/6/2022,3619,2810,2020,790,14050
ST06,6/7/2022,6666,6449,4732,1717,32245
ST06,6/8/2022,6183,5524,3969,1555,27620
ST06,6/9/2022,3239,1853,1649,204,9265
ST06,6/10/2022,7907,7359,5358,2001,36795
ST06,6/11/2022,8301,4650,3868,782,23250
ST06,6/12/2022,6917,4445,3616,829,22225
ST06,6/13/2022,5696,2704,2176,528,13520
ST06,6/14/2022,9549,6809,5434,1375,34045
ST06,6/15/2022,6472,1697,1226,471,8485
ST06,6/16/2022,4291,3370,2740,630,16850
ST06,6/17/2022,6625,1144,960,184,5720
ST06,6/18/2022,8022,3857,3111,746,19285
ST06,6/19/2022,6111,5196,4683,513,25980
ST06,6/20/2022,8115,2719,2230,489,13595
ST06,6/21/2022,5947,5576,4947,629,27880
ST06,6/22/2022,4358,4015,3109,906,20075
ST06,6/23/2022,7353,5060,3697,1363,25300
ST06,6/24/2022,6793,5674,4418,1256,28370
ST06,6/25/2022,6061,5007,3631,1376,25035
ST06,6/26/2022,6274,4683,3931,752,23415
ST06,6/27/2022,3497,448,331,117,2240
ST06,6/28/2022,7405,7037,5972,1065,35185
ST06,6/29/2022,4052,1161,1018,143,5805
ST06,6/30/2022,7782,7621,6439,1182,38105
ST06,7/1/2022,8775,3167,2730,437,15835
ST06,7/2/2022,7178,4839,3951,888,24195
ST06,7/3/2022,4565,1451,1216,235,7255
ST06,7/4/2022,9898,9559,6935,2624,47795
ST06,7/5/2022,4618,2943,2399,544,14715
ST06,7/6/2022,9681,3064,2775,289,15320
ST06,7/7/2022,4094,3199,2290,909,15995
ST06,7/8/2022,4761,1813,1376,437,9065
ST06,7/9/2022,4344,1393,1248,145,6965
ST06,7/10/2022,9945,5561,5060,501,27805
ST06,7/11/2022,6319,4259,3110,1149,21295
ST06,7/12/2022,3663,3353,2730,623,16765
ST06,7/13/2022,7985,3420,3126,294,17100
ST06,7/14/2022,8200,2801,2282,519,14005
ST06,7/15/2022,3967,1248,892,356,6240
ST06,7/16/2022,7670,4574,3413,1161,22870
ST06,7/17/2022,5429,3454,2684,770,17270
ST06,7/18/2022,3144,1210,1035,175,6050
ST06,7/19/2022,5742,2544,2130,414,12720
ST06,7/20/2022,7125,2973,2127,846,14865
ST06,7/21/2022,5745,676,518,158,3380
ST06,7/22/2022,8821,5856,5338,518,29280
ST06,7/23/2022,3108,815,650,165,4075
ST06,7/24/2022,5723,3035,2593,442,15175
ST06,7/25/2022,9141,6176,4447,1729,30880
ST06,7/26/2022,7384,2781,2554,227,13905
ST06,7/27/2022,5716,4700,4006,694,23500
ST06,7/28/2022,8180,5053,4205,848,25265
ST06,7/29/2022,8570,6806,5533,1273,34030
ST06,7/30/2022,7654,2143,1709,434,10715
ST06,7/31/2022,4288,3242,2667,575,16210
ST06,8/1/2022,5220,5049,4015,1034,25245
ST06,8/2/2022,7950,7413,6616,797,37065
ST06,8/3/2022,5305,4825,4129,696,24125
ST06,8/4/2022,6982,6181,4520,1661,30905
ST06,8/5/2022,4044,1288,906,382,6440
ST06,8/6/2022,4984,1049,909,140,5245
ST06,8/7/2022,6609,2043,1780,263,10215
ST06,8/8/2022,5249,1392,1017,375,6960
ST06,8/9/2022,8386,2561,1930,631,12805
ST06,8/10/2022,9090,8002,6060,1942,40010
ST06,8/11/2022,9891,1322,1016,306,6610
ST06,8/12/2022,8436,7596,5917,1679,37980
ST06,8/13/2022,3733,2711,1933,778,13555
ST06,8/14/2022,8534,1918,1561,357,9590
ST06,8/15/2022,6999,1520,1171,349,7600
ST06,8/16/2022,9979,1279,1090,189,6395
ST06,8/17/2022,9455,5299,4035,1264,26495
ST06,8/18/2022,8775,4972,3522,1450,24860
ST06,8/19/2022,6229,4468,4107,361,22340
ST06,8/20/2022,4565,2654,2108,546,13270
ST06,8/21/2022,8371,6298,5782,516,31490
ST06,8/22/2022,5066,2575,1879,696,12875
ST06,8/23/2022,4927,1615,1329,286,8075
ST06,8/24/2022,7847,3622,3283,339,18110
ST06,8/25/2022,8666,965,741,224,4825
ST06,8/26/2022,9021,7094,6496,598,35470
ST06,8/27/2022,8598,5144,4300,844,25720
ST06,8/28/2022,7879,5222,4242,980,26110
ST06,8/29/2022,5691,5531,4165,1366,27655
ST06,8/30/2022,8330,3619,3032,587,18095
ST06,8/31/2022,4235,1055,790,265,5275
ST06,9/1/2022,5271,4363,3928,435,21815
ST06,9/2/2022,3070,2530,1979,551,12650
ST06,9/3/2022,8050,1140,891,249,5700
ST06,9/4/2022,9180,6609,5152,1457,33045
ST06,9/5/2022,9939,2818,2563,255,14090
ST06,9/6/2022,5520,699,498,201,3495
ST06,9/7/2022,8118,5065,3848,1217,25325
ST06,9/8/2022,6370,1069,861,208,5345
ST06,9/9/2022,5353,3141,2882,259,15705
ST06,9/10/2022,7094,3595,3052,543,17975
ST06,9/11/2022,5927,4224,3287,937,21120
ST06,9/12/2022,8029,2229,1574,655,11145
ST06,9/13/2022,4100,3626,3153,473,18130
ST06,9/14/2022,6341,3860,3019,841,19300
ST06,9/15/2022,4942,4676,3919,757,23380
ST06,9/16/2022,8744,1492,1236,256,7460
ST06,9/17/2022,3584,3143,2451,692,15715
ST06,9/18/2022,6575,4952,4402,550,24760
ST06,9/19/2022,4485,3125,2432,693,15625
ST06,9/20/2022,3991,2574,2020,554,12870
ST06,9/21/2022,7619,2382,2040,342,11910
ST06,9/22/2022,6523,3771,2910,861,18855
ST06,9/23/2022,5653,5310,4196,1114,26550
ST06,9/24/2022,7668,3663,2644,1019,18315
ST06,9/25/2022,3422,1437,1215,222,7185
ST06,9/26/2022,5925,1298,1085,213,6490
ST06,9/27/2022,5295,2447,1753,694,12235
ST06,9/28/2022,3497,767,600,167,3835
ST06,9/29/2022,5289,2600,2149,451,13000
ST06,9/30/2022,9820,7294,5326,1968,36470
ST06,10/1/2022,9750,3147,2534,613,15735
ST06,10/2/2022,4775,2563,1978,585,12815
ST06,10/3/2022,7757,893,725,168,4465
ST06,10/4/2022,4605,2328,2140,188,11640
ST06,10/5/2022,4879,2605,1852,753,13025
ST06,10/6/2022,9617,6748,5780,968,33740
ST06,10/7/2022,4211,2926,2663,263,14630
ST06,10/8/2022,4031,1573,1416,157,7865
ST06,10/9/2022,9920,2057,1669,388,10285
ST06,10/10/2022,6157,3348,3017,331,16740
ST06,10/11/2022,9266,6805,5950,855,34025
ST06,10/12/2022,3736,2360,1810,550,11800
ST06,10/13/2022,5380,3898,2838,1060,19490
ST06,10/14/2022,6240,4418,3274,1144,22090
ST06,10/15/2022,5667,3040,2639,401,15200
ST06,10/16/2022,4506,518,385,133,2590
ST06,10/17/2022,4046,3438,3156,282,17190
ST06,10/18/2022,8171,6746,5974,772,33730
ST06,10/19/2022,4666,859,678,181,4295
ST06,10/20/2022,7629,3917,2844,1073,19585
ST06,10/21/2022,4465,4191,3367,824,20955
ST06,10/22/2022,3190,1125,798,327,5625
ST06,10/23/2022,3535,1958,1697,261,9790
ST06,10/24/2022,6210,2755,2043,712,13775
ST06,10/25/2022,8324,2133,1556,577,10665
ST06,10/26/2022,9520,5745,4389,1356,28725
ST06,10/27/2022,9941,8094,6366,1728,40470
ST06,10/28/2022,6738,6602,6029,573,33010
ST06,10/29/2022,3553,2508,1792,716,12540
ST06,10/30/2022,7686,3361,2955,406,16805
ST06,10/31/2022,3817,2379,1900,479,11895
ST06,11/1/2022,5310,631,562,69,3155
ST06,11/2/2022,7108,4572,3874,698,22860
ST06,11/3/2022,3152,1610,1158,452,8050
ST06,11/4/2022,4941,1913,1577,336,9565
ST06,11/5/2022,4029,1168,876,292,5840
ST06,11/6/2022,4182,3387,2778,609,16935
ST06,11/7/2022,9824,5519,4974,545,27595
ST06,11/8/2022,8320,6884,5170,1714,34420
ST06,11/9/2022,6942,6552,5170,1382,32760
ST06,11/10/2022,3466,1126,958,168,5630
ST06,11/11/2022,9357,7254,5638,1616,36270
ST06,11/12/2022,3979,788,580,208,3940
ST06,11/13/2022,8710,3382,3086,296,16910
ST06,11/14/2022,9273,1705,1388,317,8525
ST06,11/15/2022,8938,1466,1343,123,7330
ST06,11/16/2022,4963,3823,3260,563,19115
ST06,11/17/2022,6772,5142,3982,1160,25710
ST06,11/18/2022,7434,3544,3246,298,17720
ST06,11/19/2022,8695,1489,1246,243,7445
ST06,11/20/2022,3885,3518,2782,736,17590
ST06,11/21/2022,9714,8576,6413,2163,42880
ST06,11/22/2022,9613,1903,1365,538,9515
ST06,11/23/2022,3645,2158,1558,600,10790
ST06,11/24/2022,9532,1559,1237,322,7795
ST06,11/25/2022,9581,1792,1485,307,8960
ST06,11/26/2022,8520,5044,4266,778,25220
ST06,11/27/2022,8070,1676,1350,326,8380
ST06,11/28/2022,8669,3449,2838,611,17245
ST06,11/29/2022,5968,2446,1882,564,12230
ST06,11/30/2022,5327,3542,3005,537,17710
ST06,12/1/2022,5807,3295,2995,300,16475
ST06,12/2/2022,5584,3038,2130,908,15190
ST06,12/3/2022,9190,5171,4038,1133,25855
ST06,12/4/2022,9982,1159,1018,141,5795
ST06,12/5/2022,8300,7165,5676,1489,35825
ST06,12/6/2022,4094,595,525,70,2975
ST06,12/7/2022,6106,5590,4329,1261,27950
ST06,12/8/2022,6303,2225,1861,364,11125
ST06,12/9/2022,5113,3308,2529,779,16540
ST06,12/10/2022,7062,6874,5248,1626,34370
ST06,12/11/2022,8131,3000,2619,381,15000
ST06,12/12/2022,3562,1122,874,248,5610
ST06,12/13/2022,5033,2638,1996,642,13190
ST06,12/14/2022,7808,5897,5196,701,29485
ST06,12/15/2022,8498,3703,3058,645,18515
ST06,12/16/2022,5722,3913,3581,332,19565
ST06,12/17/2022,6849,2147,1787,360,10735
ST06,12/18/2022,3258,1203,885,318,6015
ST06,12/19/2022,8514,2204,1638,566,11020
ST06,12/20/2022,6571,2597,2387,210,12985
ST06,12/21/2022,8454,3321,2930,391,16605
ST06,12/22/2022,6532,4851,3536,1315,24255
ST06,12/23/2022,9621,9128,7874,1254,45640
ST06,12/24/2022,4666,3790,2722,1068,18950
ST06,12/25/2022,8581,7301,5631,1670,36505
ST06,12/26/2022,7909,5325,3921,1404,26625
ST06,12/27/2022,9882,7395,6655,740,36975
ST06,12/28/2022,9820,7088,6335,753,35440
ST06,12/29/2022,7720,2277,1644,633,11385
ST06,12/30/2022,4993,2532,1924,608,12660
ST06,12/31/2022,5373,3400,2883,517,17000
ST07,1/1/2022,7736,6473,4982,1491,32365
ST07,1/2/2022,9951,7513,6909,604,37565
ST07,1/3/2022,5972,1039,923,116,5195
ST07,1/4/2022,8902,5796,5131,665,28980
ST07,1/5/2022,3222,1079,852,227,5395
ST07,1/6/2022,5235,1903,1386,517,9515
ST07,1/7/2022,5475,4086,3495,591,20430
ST07,1/8/2022,5427,3426,2975,451,17130
ST07,1/9/2022,3870,857,704,153,4285
ST07,1/10/2022,7178,2044,1774,270,10220
ST07,1/11/2022,3481,1408,1211,197,7040
ST07,1/12/2022,6250,5193,4521,672,25965
ST07,1/13/2022,7572,6002,4734,1268,30010
ST07,1/14/2022,7674,6646,4802,1844,33230
ST07,1/15/2022,4433,3115,2385,730,15575
ST07,1/16/2022,5703,3185,2435,750,15925
ST07,1/17/2022,5441,1649,1447,202,8245
ST07,1/18/2022,7744,2745,2499,246,13725
ST07,1/19/2022,5887,5168,3837,1331,25840
ST07,1/20/2022,4937,1058,801,257,5290
ST07,1/21/2022,4406,3208,2855,353,16040
ST07,1/22/2022,6623,5224,3830,1394,26120
ST07,1/23/2022,5634,2043,1606,437,10215
ST07,1/24/2022,5125,3818,3184,634,19090
ST07,1/25/2022,7357,5666,4151,1515,28330
ST07,1/26/2022,7835,5804,4712,1092,29020
ST07,1/27/2022,4846,1342,1177,165,6710
ST07,1/28/2022,6772,2861,2134,727,14305
ST07,1/29/2022,9399,6399,5079,1320,31995
ST07,1/30/2022,7547,4233,2980,1253,21165
ST07,1/31/2022,7250,4623,3946,677,23115
ST07,2/1/2022,4433,2406,2036,370,12030
ST07,2/2/2022,4362,3654,3276,378,18270
ST07,2/3/2022,7704,4684,4025,659,23420
ST07,2/4/2022,8853,2050,1435,615,10250
ST07,2/5/2022,4436,1975,1535,440,9875
ST07,2/6/2022,6065,5873,4791,1082,29365
ST07,2/7/2022,5947,4429,3616,813,22145
ST07,2/8/2022,9035,2793,1956,837,13965
ST07,2/9/2022,4665,4243,3846,397,21215
ST07,2/10/2022,4401,3092,2221,871,15460
ST07,2/11/2022,7333,6153,4444,1709,30765
ST07,2/12/2022,7656,2959,2215,744,14795
ST07,2/13/2022,3873,1435,1224,211,7175
ST07,2/14/2022,8482,2759,2392,367,13795
ST07,2/15/2022,9367,2983,2156,827,14915
ST07,2/16/2022,4608,3645,2910,735,18225
ST07,2/17/2022,8010,3406,2821,585,17030
ST07,2/18/2022,8873,1380,1118,262,6900
ST07,2/19/2022,7963,1576,1264,312,7880
ST07,2/20/2022,3563,3270,2688,582,16350
ST07,2/21/2022,6375,4394,4006,388,21970
ST07,2/22/2022,5048,1225,976,249,6125
ST07,2/23/2022,4057,1173,1036,137,5865
ST07,2/24/2022,7080,1499,1107,392,7495
ST07,2/25/2022,7429,3614,2881,733,18070
ST07,2/26/2022,7211,2457,1856,601,12285
ST07,2/27/2022,7264,6255,4539,1716,31275
ST07,2/28/2022,6019,4296,3100,1196,21480
ST07,3/1/2022,9722,2709,1987,722,13545
ST07,3/2/2022,8272,3857,3516,341,19285
ST07,3/3/2022,8306,7810,5919,1891,39050
ST07,3/4/2022,6232,1969,1618,351,9845
ST07,3/5/2022,9654,6762,5467,1295,33810
ST07,3/6/2022,3875,2778,2525,253,13890
ST07,3/7/2022,7512,6055,5012,1043,30275
ST07,3/8/2022,7743,1168,968,200,5840
ST07,3/9/2022,5434,2003,1459,544,10015
ST07,3/10/2022,9667,3615,2761,854,18075
ST07,3/11/2022,8742,4553,3730,823,22765
ST07,3/12/2022,7011,6407,5194,1213,32035
ST07,3/13/2022,4861,535,408,127,2675
ST07,3/14/2022,6056,1234,937,297,6170
ST07,3/15/2022,7309,4903,3926,977,24515
ST07,3/16/2022,7762,3514,2685,829,17570
ST07,3/17/2022,3973,2195,1837,358,10975
ST07,3/18/2022,6747,1594,1442,152,7970
ST07,3/19/2022,8546,6118,4592,1526,30590
ST07,3/20/2022,8505,6517,5350,1167,32585
ST07,3/21/2022,5046,925,807,118,4625
ST07,3/22/2022,9444,2970,2491,479,14850
ST07,3/23/2022,8054,4894,3773,1121,24470
ST07,3/24/2022,4122,3711,2861,850,18555
ST07,3/25/2022,5288,4729,4147,582,23645
ST07,3/26/2022,7684,1642,1249,393,8210
ST07,3/27/2022,6546,1466,1094,372,7330
ST07,3/28/2022,7921,2528,1877,651,12640
ST07,3/29/2022,5962,1888,1456,432,9440
ST07,3/30/2022,5028,2879,2062,817,14395
ST07,3/31/2022,3330,1657,1308,349,8285
ST07,4/1/2022,5655,2129,1777,352,10645
ST07,4/2/2022,3071,382,342,40,1910
ST07,4/3/2022,7562,5103,4553,550,25515
ST07,4/4/2022,9396,3931,3589,342,19655
ST07,4/5/2022,9393,8588,6919,1669,42940
ST07,4/6/2022,3067,2127,1586,541,10635
ST07,4/7/2022,8413,2080,1830,250,10400
ST07,4/8/2022,4789,1360,1007,353,6800
ST07,4/9/2022,4436,3347,2578,769,16735
ST07,4/10/2022,4777,2164,1983,181,10820
ST07,4/11/2022,7500,1385,1241,144,6925
ST07,4/12/2022,4152,3486,2526,960,17430
ST07,4/13/2022,6223,1394,1008,386,6970
ST07,4/14/2022,3327,663,533,130,3315
ST07,4/15/2022,4667,1544,1401,143,7720
ST07,4/16/2022,8491,6669,5961,708,33345
ST07,4/17/2022,8863,5477,4849,628,27385
ST07,4/18/2022,8428,1907,1489,418,9535
ST07,4/19/2022,6859,4949,3470,1479,24745
ST07,4/20/2022,8477,1811,1297,514,9055
ST07,4/21/2022,8985,6629,5522,1107,33145
ST07,4/22/2022,8252,2107,1887,220,10535
ST07,4/23/2022,4172,3836,3354,482,19180
ST07,4/24/2022,5488,4851,4401,450,24255
ST07,4/25/2022,5207,4976,4554,422,24880
ST07,4/26/2022,4216,4014,3091,923,20070
ST07,4/27/2022,3499,3159,2373,786,15795
ST07,4/28/2022,5923,3061,2480,581,15305
ST07,4/29/2022,6223,1520,1226,294,7600
ST07,4/30/2022,4074,1523,1116,407,7615
ST07,5/1/2022,9092,7377,6567,810,36885
ST07,5/2/2022,5241,1474,1161,313,7370
ST07,5/3/2022,4640,998,752,246,4990
ST07,5/4/2022,5858,4514,4098,416,22570
ST07,5/5/2022,3111,1101,888,213,5505
ST07,5/6/2022,6014,2567,2023,544,12835
ST07,5/7/2022,7797,1894,1682,212,9470
ST07,5/8/2022,3824,3343,2663,680,16715
ST07,5/9/2022,4867,2041,1471,570,10205
ST07,5/10/2022,8555,6644,4905,1739,33220
ST07,5/11/2022,7871,2347,2020,327,11735
ST07,5/12/2022,8200,4295,3233,1062,21475
ST07,5/13/2022,7027,3773,2974,799,18865
ST07,5/14/2022,6702,5338,4515,823,26690
ST07,5/15/2022,5398,4110,3262,848,20550
ST07,5/16/2022,7857,3225,2260,965,16125
ST07,5/17/2022,8115,7815,6288,1527,39075
ST07,5/18/2022,3588,3334,2360,974,16670
ST07,5/19/2022,5954,2554,1885,669,12770
ST07,5/20/2022,3544,1451,1230,221,7255
ST07,5/21/2022,9335,7933,7177,756,39665
ST07,5/22/2022,3230,1780,1358,422,8900
ST07,5/23/2022,8468,7523,5317,2206,37615
ST07,5/24/2022,9512,4981,3779,1202,24905
ST07,5/25/2022,8454,1473,1146,327,7365
ST07,5/26/2022,8509,4308,3720,588,21540
ST07,5/27/2022,9767,4530,3178,1352,22650
ST07,5/28/2022,5689,3628,2841,787,18140
ST07,5/29/2022,3483,2684,1888,796,13420
ST07,5/30/2022,5548,1590,1452,138,7950
ST07,5/31/2022,9755,4448,3455,993,22240
ST07,6/1/2022,5032,4685,4260,425,23425
ST07,6/2/2022,5472,3881,3467,414,19405
ST07,6/3/2022,4237,678,502,176,3390
ST07,6/4/2022,8370,3013,2559,454,15065
ST07,6/5/2022,5122,1172,832,340,5860
ST07,6/6/2022,7632,2165,1872,293,10825
ST07,6/7/2022,9793,9136,6526,2610,45680
ST07,6/8/2022,8903,5341,4556,785,26705
ST07,6/9/2022,8095,3127,2628,499,15635
ST07,6/10/2022,9710,1960,1645,315,9800
ST07,6/11/2022,5694,1392,1171,221,6960
ST07,6/12/2022,7624,2549,2069,480,12745
ST07,6/13/2022,3731,2254,2041,213,11270
ST07,6/14/2022,3297,2293,1806,487,11465
ST07,6/15/2022,7440,875,612,263,4375
ST07,6/16/2022,9185,3645,2826,819,18225
ST07,6/17/2022,9092,6830,5344,1486,34150
ST07,6/18/2022,3939,984,845,139,4920
ST07,6/19/2022,4591,2903,2366,537,14515
ST07,6/20/2022,6385,2842,2172,670,14210
ST07,6/21/2022,6792,5881,4694,1187,29405
ST07,6/22/2022,9718,2445,2215,230,12225
ST07,6/23/2022,4929,4433,3225,1208,22165
ST07,6/24/2022,7841,1649,1498,151,8245
ST07,6/25/2022,3147,2506,2298,208,12530
ST07,6/26/2022,5095,1761,1403,358,8805
ST07,6/27/2022,6107,838,597,241,4190
ST07,6/28/2022,7540,2625,2376,249,13125
ST07,6/29/2022,3753,2540,2076,464,12700
ST07,6/30/2022,9959,1684,1495,189,8420
ST07,7/1/2022,7497,3550,2750,800,17750
ST07,7/2/2022,5303,779,615,164,3895
ST07,7/3/2022,6097,1749,1517,232,8745
ST07,7/4/2022,3599,1863,1396,467,9315
ST07,7/5/2022,4068,1008,859,149,5040
ST07,7/6/2022,9168,6794,4873,1921,33970
ST07,7/7/2022,6536,5537,5063,474,27685
ST07,7/8/2022,4304,1134,991,143,5670
ST07,7/9/2022,7673,4478,3177,1301,22390
ST07,7/10/2022,5720,2189,1646,543,10945
ST07,7/11/2022,3379,1382,1125,257,6910
ST07,7/12/2022,4142,1076,934,142,5380
ST07,7/13/2022,7304,1734,1336,398,8670
ST07,7/14/2022,7678,6156,4646,1510,30780
ST07,7/15/2022,6342,5317,4307,1010,26585
ST07,7/16/2022,6265,3138,2517,621,15690
ST07,7/17/2022,6581,2134,1589,545,10670
ST07,7/18/2022,4933,2885,2358,527,14425
ST07,7/19/2022,9127,4648,3479,1169,23240
ST07,7/20/2022,9543,7301,6353,948,36505
ST07,7/21/2022,7849,5371,4206,1165,26855
ST07,7/22/2022,8334,4094,3078,1016,20470
ST07,7/23/2022,6459,3678,2764,914,18390
ST07,7/24/2022,6950,5091,3594,1497,25455
ST07,7/25/2022,5841,3905,3015,890,19525
ST07,7/26/2022,9670,4484,3433,1051,22420
ST07,7/27/2022,9933,1900,1737,163,9500
ST07,7/28/2022,8730,4582,4012,570,22910
ST07,7/29/2022,7946,5459,3940,1519,27295
ST07,7/30/2022,7202,3364,2789,575,16820
ST07,7/31/2022,4224,1021,902,119,5105
ST07,8/1/2022,9858,2762,2130,632,13810
ST07,8/2/2022,3080,1609,1470,139,8045
ST07,8/3/2022,7641,1953,1748,205,9765
ST07,8/4/2022,5069,2500,1813,687,12500
ST07,8/5/2022,4007,1770,1323,447,8850
ST07,8/6/2022,7118,6625,5993,632,33125
ST07,8/7/2022,4936,1262,1130,132,6310
ST07,8/8/2022,3685,1532,1342,190,7660
ST07,8/9/2022,6190,4319,3679,640,21595
ST07,8/10/2022,8154,6412,5355,1057,32060
ST07,8/11/2022,8659,7414,6097,1317,37070
ST07,8/12/2022,8591,5181,3966,1215,25905
ST07,8/13/2022,7667,1919,1479,440,9595
ST07,8/14/2022,8008,5873,4847,1026,29365
ST07,8/15/2022,8226,5985,5210,775,29925
ST07,8/16/2022,3779,2758,2223,535,13790
ST07,8/17/2022,9412,5957,4392,1565,29785
ST07,8/18/2022,7996,5018,4353,665,25090
ST07,8/19/2022,6202,2024,1441,583,10120
ST07,8/20/2022,9067,6067,5109,958,30335
ST07,8/21/2022,7440,3196,2730,466,15980
ST07,8/22/2022,4691,4279,3095,1184,21395
ST07,8/23/2022,7743,985,888,97,4925
ST07,8/24/2022,5290,3602,3010,592,18010
ST07,8/25/2022,9109,8734,6363,2371,43670
ST07,8/26/2022,8368,3542,2523,1019,17710
ST07,8/27/2022,4419,2807,2558,249,14035
ST07,8/28/2022,4935,2183,1606,577,10915
ST07,8/29/2022,3313,2566,2137,429,12830
ST07,8/30/2022,4756,3204,2411,793,16020
ST07,8/31/2022,3138,2727,2129,598,13635
ST07,9/1/2022,9749,7159,5046,2113,35795
ST07,9/2/2022,5037,4224,3187,1037,21120
ST07,9/3/2022,9693,2596,2122,474,12980
ST07,9/4/2022,5155,2171,1657,514,10855
ST07,9/5/2022,4598,1736,1237,499,8680
ST07,9/6/2022,4748,4133,3521,612,20665
ST07,9/7/2022,3752,2304,1814,490,11520
ST07,9/8/2022,8851,4703,3853,850,23515
ST07,9/9/2022,6684,1062,942,120,5310
ST07,9/10/2022,5210,4916,4383,533,24580
ST07,9/11/2022,6169,3682,2600,1082,18410
ST07,9/12/2022,8795,8682,7529,1153,43410
ST07,9/13/2022,3490,3307,3034,273,16535
ST07,9/14/2022,9922,4676,4058,618,23380
ST07,9/15/2022,7255,3276,2316,960,16380
ST07,9/16/2022,4623,762,699,63,3810
ST07,9/17/2022,4890,1849,1664,185,9245
ST07,9/18/2022,3506,751,532,219,3755
ST07,9/19/2022,5213,4841,4425,416,24205
ST07,9/20/2022,3305,2572,1828,744,12860
ST07,9/21/2022,9270,3988,2839,1149,19940
ST07,9/22/2022,3139,1123,985,138,5615
ST07,9/23/2022,7922,4098,3620,478,20490
ST07,9/24/2022,8885,3537,2777,760,17685
ST07,9/25/2022,6803,1936,1601,335,9680
ST07,9/26/2022,8481,1405,1016,389,7025
ST07,9/27/2022,5832,3695,2596,1099,18475
ST07,9/28/2022,5000,4861,3560,1301,24305
ST07,9/29/2022,4352,497,452,45,2485
ST07,9/30/2022,9205,6293,4807,1486,31465
ST07,10/1/2022,4166,3944,3248,696,19720
ST07,10/2/2022,6325,1913,1621,292,9565
ST07,10/3/2022,5364,2567,2115,452,12835
ST07,10/4/2022,3614,2609,1863,746,13045
ST07,10/5/2022,6793,1095,888,207,5475
ST07,10/6/2022,6128,1721,1373,348,8605
ST07,10/7/2022,4635,1002,842,160,5010
ST07,10/8/2022,9047,3800,3326,474,19000
ST07,10/9/2022,8342,5488,4381,1107,27440
ST07,10/10/2022,4580,2687,2251,436,13435
ST07,10/11/2022,3615,1588,1390,198,7940
ST07,10/12/2022,4759,1744,1403,341,8720
ST07,10/13/2022,7944,4699,3443,1256,23495
ST07,10/14/2022,7829,5590,4738,852,27950
ST07,10/15/2022,7361,3220,2691,529,16100
ST07,10/16/2022,8362,8119,7411,708,40595
ST07,10/17/2022,9947,5887,5051,836,29435
ST07,10/18/2022,6573,5470,4683,787,27350
ST07,10/19/2022,3933,2857,2444,413,14285
ST07,10/20/2022,3882,595,448,147,2975
ST07,10/21/2022,9091,8792,6322,2470,43960
ST07,10/22/2022,9178,2301,1824,477,11505
ST07,10/23/2022,8135,1709,1569,140,8545
ST07,10/24/2022,6082,4747,3819,928,23735
ST07,10/25/2022,9270,8089,6318,1771,40445
ST07,10/26/2022,7004,3373,2778,595,16865
ST07,10/27/2022,9884,6842,5255,1587,34210
ST07,10/28/2022,4642,2974,2160,814,14870
ST07,10/29/2022,6881,4198,3076,1122,20990
ST07,10/30/2022,8759,6965,5504,1461,34825
ST07,10/31/2022,5470,5352,4815,537,26760
ST07,11/1/2022,6936,5332,4072,1260,26660
ST07,11/2/2022,6455,2245,1975,270,11225
ST07,11/3/2022,4542,1479,1245,234,7395
ST07,11/4/2022,6919,1194,868,326,5970
ST07,11/5/2022,5171,2264,1792,472,11320
ST07,11/6/2022,6932,2825,2359,466,14125
ST07,11/7/2022,3279,1370,1016,354,6850
ST07,11/8/2022,8557,3575,3261,314,17875
ST07,11/9/2022,7703,3063,2589,474,15315
ST07,11/10/2022,3487,3015,2575,440,15075
ST07,11/11/2022,4653,3973,3325,648,19865
ST07,11/12/2022,6148,3488,2629,859,17440
ST07,11/13/2022,5636,2085,1497,588,10425
ST07,11/14/2022,8267,7280,5640,1640,36400
ST07,11/15/2022,4405,3839,3306,533,19195
ST07,11/16/2022,9035,4258,3599,659,21290
ST07,11/17/2022,3912,2855,2359,496,14275
ST07,11/18/2022,5965,3882,2737,1145,19410
ST07,11/19/2022,7135,4396,3449,947,21980
ST07,11/20/2022,6176,5465,4094,1371,27325
ST07,11/21/2022,7873,2856,2111,745,14280
ST07,11/22/2022,5931,2944,2665,279,14720
ST07,11/23/2022,3904,542,419,123,2710
ST07,11/24/2022,4250,2596,2052,544,12980
ST07,11/25/2022,9416,4333,3764,569,21665
ST07,11/26/2022,6991,927,845,82,4635
ST07,11/27/2022,9529,1395,1040,355,6975
ST07,11/28/2022,6731,1821,1540,281,9105
ST07,11/29/2022,7306,2313,1939,374,11565
ST07,11/30/2022,8185,4167,3411,756,20835
ST07,12/1/2022,9392,2433,2213,220,12165
ST07,12/2/2022,7917,7815,6182,1633,39075
ST07,12/3/2022,9214,5206,4062,1144,26030
ST07,12/4/2022,3925,1779,1518,261,8895
ST07,12/5/2022,4611,524,417,107,2620
ST07,12/6/2022,4333,3730,3010,720,18650
ST07,12/7/2022,3013,1005,922,83,5025
ST07,12/8/2022,3680,3374,2504,870,16870
ST07,12/9/2022,8302,5615,4109,1506,28075
ST07,12/10/2022,9614,9471,7421,2050,47355
ST07,12/11/2022,9998,4973,4491,482,24865
ST07,12/12/2022,5051,4550,3663,887,22750
ST07,12/13/2022,3611,840,633,207,4200
ST07,12/14/2022,6920,2498,1803,695,12490
ST07,12/15/2022,5508,2043,1496,547,10215
ST07,12/16/2022,8266,7377,6103,1274,36885
ST07,12/17/2022,6980,3460,2758,702,17300
ST07,12/18/2022,4798,579,479,100,2895
ST07,12/19/2022,9653,6450,4559,1891,32250
ST07,12/20/2022,3036,1738,1326,412,8690
ST07,12/21/2022,3940,913,698,215,4565
ST07,12/22/2022,6182,771,673,98,3855
ST07,12/23/2022,4618,1519,1149,370,7595
ST07,12/24/2022,8486,3905,2897,1008,19525
ST07,12/25/2022,3900,1373,1114,259,6865
ST07,12/26/2022,9889,6373,5051,1322,31865
ST07,12/27/2022,6323,4909,3935,974,24545
ST07,12/28/2022,7295,6306,5607,699,31530
ST07,12/29/2022,7287,1476,1314,162,7380
ST07,12/30/2022,7271,2424,2189,235,12120
ST07,12/31/2022,3583,403,321,82,2015
ST08,1/1/2022,4195,2355,1665,690,11775
ST08,1/2/2022,8755,5968,4832,1136,29840
ST08,1/3/2022,6835,6544,4646,1898,32720
ST08,1/4/2022,5824,3223,2684,539,16115
ST08,1/5/2022,6175,2765,2299,466,13825
ST08,1/6/2022,8453,5236,4205,1031,26180
ST08,1/7/2022,4337,2498,2039,459,12490
ST08,1/8/2022,5433,2172,1539,633,10860
ST08,1/9/2022,3780,1693,1251,442,8465
ST08,1/10/2022,3523,2405,1951,454,12025
ST08,1/11/2022,4384,2020,1842,178,10100
ST08,1/12/2022,6522,6314,4771,1543,31570
ST08,1/13/2022,9945,1893,1486,407,9465
ST08,1/14/2022,4877,1418,1233,185,7090
ST08,1/15/2022,6702,1864,1537,327,9320
ST08,1/16/2022,8764,3973,3645,328,19865
ST08,1/17/2022,4996,1724,1208,516,8620
ST08,1/18/2022,4280,969,767,202,4845
ST08,1/19/2022,3493,2895,2457,438,14475
ST08,1/20/2022,5602,3319,2984,335,16595
ST08,1/21/2022,7375,3445,2477,968,17225
ST08,1/22/2022,8570,4843,3801,1042,24215
ST08,1/23/2022,5062,2945,2129,816,14725
ST08,1/24/2022,4452,3195,2873,322,15975
ST08,1/25/2022,7536,6531,4843,1688,32655
ST08,1/26/2022,3478,2732,1941,791,13660
ST08,1/27/2022,6244,2263,1731,532,11315
ST08,1/28/2022,3338,2049,1835,214,10245
ST08,1/29/2022,4421,3748,3388,360,18740
ST08,1/30/2022,7792,4927,3635,1292,24635
ST08,1/31/2022,3798,3025,2599,426,15125
ST08,2/1/2022,4491,1817,1453,364,9085
ST08,2/2/2022,5848,4520,4007,513,22600
ST08,2/3/2022,7822,3573,3005,568,17865
ST08,2/4/2022,9252,4415,3964,451,22075
ST08,2/5/2022,3900,2196,1999,197,10980
ST08,2/6/2022,3193,930,855,75,4650
ST08,2/7/2022,6426,2366,2122,244,11830
ST08,2/8/2022,6030,3273,2535,738,16365
ST08,2/9/2022,9231,8384,6298,2086,41920
ST08,2/10/2022,9414,4908,4052,856,24540
ST08,2/11/2022,9615,8141,6302,1839,40705
ST08,2/12/2022,6250,5418,4508,910,27090
ST08,2/13/2022,9063,5824,5199,625,29120
ST08,2/14/2022,6342,5155,4163,992,25775
ST08,2/15/2022,7085,1732,1266,466,8660
ST08,2/16/2022,7807,3916,2742,1174,19580
ST08,2/17/2022,8425,8261,7163,1098,41305
ST08,2/18/2022,5859,2159,1514,645,10795
ST08,2/19/2022,6235,808,593,215,4040
ST08,2/20/2022,7906,3656,3348,308,18280
ST08,2/21/2022,8782,2390,1687,703,11950
ST08,2/22/2022,7518,4369,3344,1025,21845
ST08,2/23/2022,5370,1606,1344,262,8030
ST08,2/24/2022,6291,2919,2069,850,14595
ST08,2/25/2022,8767,6117,5324,793,30585
ST08,2/26/2022,5917,2461,1934,527,12305
ST08,2/27/2022,3410,1853,1538,315,9265
ST08,2/28/2022,3770,2942,2343,599,14710
ST08,3/1/2022,8230,7685,6983,702,38425
ST08,3/2/2022,5039,1551,1388,163,7755
ST08,3/3/2022,8828,7891,5560,2331,39455
ST08,3/4/2022,8488,4720,4311,409,23600
ST08,3/5/2022,6770,6193,5237,956,30965
ST08,3/6/2022,9650,5828,5020,808,29140
ST08,3/7/2022,7448,2890,2334,556,14450
ST08,3/8/2022,7627,4865,4379,486,24325
ST08,3/9/2022,9616,9145,7609,1536,45725
ST08,3/10/2022,8865,4736,3691,1045,23680
ST08,3/11/2022,3140,401,348,53,2005
ST08,3/12/2022,5379,3295,2362,933,16475
ST08,3/13/2022,3632,1753,1455,298,8765
ST08,3/14/2022,6824,2068,1472,596,10340
ST08,3/15/2022,5030,3515,2751,764,17575
ST08,3/16/2022,9360,4916,4003,913,24580
ST08,3/17/2022,5971,5392,3960,1432,26960
ST08,3/18/2022,3538,2138,1890,248,10690
ST08,3/19/2022,9157,4235,3312,923,21175
ST08,3/20/2022,8429,5543,4938,605,27715
ST08,3/21/2022,6401,1571,1174,397,7855
ST08,3/22/2022,4756,3211,2433,778,16055
ST08,3/23/2022,3714,788,560,228,3940
ST08,3/24/2022,3290,2522,2026,496,12610
ST08,3/25/2022,7200,4955,4222,733,24775
ST08,3/26/2022,7306,2867,2209,658,14335
ST08,3/27/2022,4710,1091,913,178,5455
ST08,3/28/2022,9556,1102,851,251,5510
ST08,3/29/2022,5031,4845,3621,1224,24225
ST08,3/30/2022,5360,2504,1980,524,12520
ST08,3/31/2022,5433,2198,1717,481,10990
ST08,4/1/2022,9472,7085,6508,577,35425
ST08,4/2/2022,9713,6350,4909,1441,31750
ST08,4/3/2022,4240,3940,2886,1054,19700
ST08,4/4/2022,8640,4267,3190,1077,21335
ST08,4/5/2022,9369,9218,7685,1533,46090
ST08,4/6/2022,9148,2571,2082,489,12855
ST08,4/7/2022,7264,4873,4399,474,24365
ST08,4/8/2022,4088,2701,2481,220,13505
ST08,4/9/2022,8877,4130,2978,1152,20650
ST08,4/10/2022,8964,5336,3910,1426,26680
ST08,4/11/2022,3417,1700,1234,466,8500
ST08,4/12/2022,3838,3633,2772,861,18165
ST08,4/13/2022,4645,2353,2098,255,11765
ST08,4/14/2022,7430,5728,4753,975,28640
ST08,4/15/2022,4667,3226,2764,462,16130
ST08,4/16/2022,6976,2345,2054,291,11725
ST08,4/17/2022,9854,9708,8382,1326,48540
ST08,4/18/2022,9117,1676,1299,377,8380
ST08,4/19/2022,3644,3119,2587,532,15595
ST08,4/20/2022,4465,1327,1083,244,6635
ST08,4/21/2022,8346,2592,2088,504,12960
ST08,4/22/2022,7965,4202,3019,1183,21010
ST08,4/23/2022,3103,2907,2555,352,14535
ST08,4/24/2022,4416,1918,1572,346,9590
ST08,4/25/2022,6525,6331,4680,1651,31655
ST08,4/26/2022,8967,8468,7275,1193,42340
ST08,4/27/2022,9683,8713,7082,1631,43565
ST08,4/28/2022,5929,4964,3691,1273,24820
ST08,4/29/2022,7318,2240,1754,486,11200
ST08,4/30/2022,7323,2786,2390,396,13930
ST08,5/1/2022,6454,3033,2408,625,15165
ST08,5/2/2022,3364,634,570,64,3170
ST08,5/3/2022,6273,4260,3179,1081,21300
ST08,5/4/2022,9376,3963,2988,975,19815
ST08,5/5/2022,4339,2654,2241,413,13270
ST08,5/6/2022,4373,1911,1630,281,9555
ST08,5/7/2022,4625,2106,1736,370,10530
ST08,5/8/2022,4296,2166,1724,442,10830
ST08,5/9/2022,4458,1776,1337,439,8880
ST08,5/10/2022,5343,4734,4124,610,23670
ST08,5/11/2022,3131,1749,1273,476,8745
ST08,5/12/2022,5020,1257,925,332,6285
ST08,5/13/2022,4640,3541,2793,748,17705
ST08,5/14/2022,6525,3128,2414,714,15640
ST08,5/15/2022,3985,544,419,125,2720
ST08,5/16/2022,3126,2229,1705,524,11145
ST08,5/17/2022,7474,4634,3932,702,23170
ST08,5/18/2022,6634,1932,1697,235,9660
ST08,5/19/2022,9260,3369,2366,1003,16845
ST08,5/20/2022,7743,6174,5245,929,30870
ST08,5/21/2022,3020,1711,1335,376,8555
ST08,5/22/2022,8995,8772,7127,1645,43860
ST08,5/23/2022,4565,4357,3987,370,21785
ST08,5/24/2022,4912,3581,2911,670,17905
ST08,5/25/2022,7345,3964,3446,518,19820
ST08,5/26/2022,9245,8516,7740,776,42580
ST08,5/27/2022,9272,1879,1582,297,9395
ST08,5/28/2022,4078,628,548,80,3140
ST08,5/29/2022,9494,3262,2475,787,16310
ST08,5/30/2022,6577,2156,1665,491,10780
ST08,5/31/2022,3411,799,594,205,3995
ST08,6/1/2022,9525,5413,3805,1608,27065
ST08,6/2/2022,8412,5830,5266,564,29150
ST08,6/3/2022,6821,3135,2213,922,15675
ST08,6/4/2022,7364,3359,2609,750,16795
ST08,6/5/2022,6421,2823,2066,757,14115
ST08,6/6/2022,9835,2722,2473,249,13610
ST08,6/7/2022,8736,5323,4221,1102,26615
ST08,6/8/2022,6768,6471,4715,1756,32355
ST08,6/9/2022,6420,1644,1398,246,8220
ST08,6/10/2022,8932,6600,4845,1755,33000
ST08,6/11/2022,9264,5926,4639,1287,29630
ST08,6/12/2022,5348,1097,866,231,5485
ST08,6/13/2022,8613,4858,3869,989,24290
ST08,6/14/2022,5099,1317,963,354,6585
ST08,6/15/2022,4339,1438,1014,424,7190
ST08,6/16/2022,8584,2411,1957,454,12055
ST08,6/17/2022,6047,3901,2880,1021,19505
ST08,6/18/2022,4082,3393,2854,539,16965
ST08,6/19/2022,4197,3979,3137,842,19895
ST08,6/20/2022,6071,764,609,155,3820
ST08,6/21/2022,7845,6936,5600,1336,34680
ST08,6/22/2022,5136,3703,3277,426,18515
ST08,6/23/2022,9308,3346,2830,516,16730
ST08,6/24/2022,8823,4015,3202,813,20075
ST08,6/25/2022,6157,1822,1568,254,9110
ST08,6/26/2022,6394,4882,3747,1135,24410
ST08,6/27/2022,9246,5504,4786,718,27520
ST08,6/28/2022,4255,2442,1749,693,12210
ST08,6/29/2022,7679,6259,5420,839,31295
ST08,6/30/2022,9021,3944,2808,1136,19720
ST08,7/1/2022,8485,5620,4008,1612,28100
ST08,7/2/2022,7445,3401,2666,735,17005
ST08,7/3/2022,8258,4965,4139,826,24825
ST08,7/4/2022,8692,7696,7036,660,38480
ST08,7/5/2022,4643,1680,1270,410,8400
ST08,7/6/2022,5085,2505,2211,294,12525
ST08,7/7/2022,6906,4883,4209,674,24415
ST08,7/8/2022,7587,5652,5004,648,28260
ST08,7/9/2022,9856,5306,4452,854,26530
ST08,7/10/2022,6408,1541,1125,416,7705
ST08,7/11/2022,7929,3381,2657,724,16905
ST08,7/12/2022,6983,6505,5416,1089,32525
ST08,7/13/2022,8255,6944,4889,2055,34720
ST08,7/14/2022,8212,5403,4032,1371,27015
ST08,7/15/2022,3949,3311,2750,561,16555
ST08,7/16/2022,6123,3649,2956,693,18245
ST08,7/17/2022,4682,2662,2336,326,13310
ST08,7/18/2022,5132,4184,3782,402,20920
ST08,7/19/2022,3408,416,341,75,2080
ST08,7/20/2022,5337,2943,2704,239,14715
ST08,7/21/2022,5156,4777,3573,1204,23885
ST08,7/22/2022,7056,1782,1389,393,8910
ST08,7/23/2022,9273,4442,3467,975,22210
ST08,7/24/2022,4629,1162,964,198,5810
ST08,7/25/2022,5492,4121,2965,1156,20605
ST08,7/26/2022,3186,664,600,64,3320
ST08,7/27/2022,4401,826,593,233,4130
ST08,7/28/2022,6009,1604,1189,415,8020
ST08,7/29/2022,5944,2935,2332,603,14675
ST08,7/30/2022,7517,5370,4336,1034,26850
ST08,7/31/2022,9269,4548,4140,408,22740
ST08,8/1/2022,3093,1061,881,180,5305
ST08,8/2/2022,6977,4026,3494,532,20130
ST08,8/3/2022,5828,2153,1943,210,10765
ST08,8/4/2022,9032,5444,4179,1265,27220
ST08,8/5/2022,9451,2957,2188,769,14785
ST08,8/6/2022,8852,7980,5710,2270,39900
ST08,8/7/2022,8046,3683,3291,392,18415
ST08,8/8/2022,4053,2077,1470,607,10385
ST08,8/9/2022,5681,3255,2689,566,16275
ST08,8/10/2022,6809,3089,2586,503,15445
ST08,8/11/2022,4562,2104,1909,195,10520
ST08,8/12/2022,4317,1631,1279,352,8155
ST08,8/13/2022,6123,5641,4241,1400,28205
ST08,8/14/2022,6576,3025,2243,782,15125
ST08,8/15/2022,8838,2256,1742,514,11280
ST08,8/16/2022,6131,1825,1373,452,9125
ST08,8/17/2022,8335,5216,4258,958,26080
ST08,8/18/2022,3277,960,732,228,4800
ST08,8/19/2022,8678,5185,3697,1488,25925
ST08,8/20/2022,3706,545,396,149,2725
ST08,8/21/2022,8310,8126,7214,912,40630
ST08,8/22/2022,6192,943,730,213,4715
ST08,8/23/2022,9275,4856,4357,499,24280
ST08,8/24/2022,5179,4980,4113,867,24900
ST08,8/25/2022,5439,4786,4229,557,23930
ST08,8/26/2022,3427,701,596,105,3505
ST08,8/27/2022,3973,1205,861,344,6025
ST08,8/28/2022,7885,868,770,98,4340
ST08,8/29/2022,5679,4059,2942,1117,20295
ST08,8/30/2022,7356,3923,2859,1064,19615
ST08,8/31/2022,7461,3085,2754,331,15425
ST08,9/1/2022,7215,2499,1856,643,12495
ST08,9/2/2022,7284,3882,3352,530,19410
ST08,9/3/2022,8676,7677,6770,907,38385
ST08,9/4/2022,3860,897,660,237,4485
ST08,9/5/2022,3310,1891,1545,346,9455
ST08,9/6/2022,4586,564,454,110,2820
ST08,9/7/2022,8881,5992,5062,930,29960
ST08,9/8/2022,9318,3869,2811,1058,19345
ST08,9/9/2022,8362,5901,4940,961,29505
ST08,9/10/2022,7948,5821,4468,1353,29105
ST08,9/11/2022,6877,3301,2570,731,16505
ST08,9/12/2022,5368,4883,4006,877,24415
ST08,9/13/2022,4213,4085,3021,1064,20425
ST08,9/14/2022,5951,1212,866,346,6060
ST08,9/15/2022,5449,1890,1712,178,9450
ST08,9/16/2022,5458,5299,3739,1560,26495
ST08,9/17/2022,3836,2756,2263,493,13780
ST08,9/18/2022,5768,5237,3909,1328,26185
ST08,9/19/2022,7798,3370,2956,414,16850
ST08,9/20/2022,4720,3701,3399,302,18505
ST08,9/21/2022,7926,3547,3194,353,17735
ST08,9/22/2022,8818,2352,2085,267,11760
ST08,9/23/2022,9634,2361,2120,241,11805
ST08,9/24/2022,7036,5357,4548,809,26785
ST08,9/25/2022,9392,5423,4624,799,27115
ST08,9/26/2022,5523,875,624,251,4375
ST08,9/27/2022,7172,894,633,261,4470
ST08,9/28/2022,4440,3770,3148,622,18850
ST08,9/29/2022,5776,5237,3796,1441,26185
ST08,9/30/2022,6818,3591,2972,619,17955
ST08,10/1/2022,5686,3747,2909,838,18735
ST08,10/2/2022,3083,829,580,249,4145
ST08,10/3/2022,9422,8673,6907,1766,43365
ST08,10/4/2022,7798,1615,1477,138,8075
ST08,10/5/2022,3292,2032,1719,313,10160
ST08,10/6/2022,6166,2516,2225,291,12580
ST08,10/7/2022,9592,5663,4709,954,28315
ST08,10/8/2022,9873,7146,6178,968,35730
ST08,10/9/2022,6329,2816,2253,563,14080
ST08,10/10/2022,4758,2524,1876,648,12620
ST08,10/11/2022,9861,5570,3970,1600,27850
ST08,10/12/2022,9054,4239,3005,1234,21195
ST08,10/13/2022,4642,2643,2196,447,13215
ST08,10/14/2022,5034,4168,3141,1027,20840
ST08,10/15/2022,7252,837,637,200,4185
ST08,10/16/2022,8127,4256,2999,1257,21280
ST08,10/17/2022,6394,5460,3880,1580,27300
ST08,10/18/2022,5499,2312,2067,245,11560
ST08,10/19/2022,4217,2529,2006,523,12645
ST08,10/20/2022,5785,4172,3423,749,20860
ST08,10/21/2022,3152,1490,1155,335,7450
ST08,10/22/2022,8605,4886,4313,573,24430
ST08,10/23/2022,4514,988,808,180,4940
ST08,10/24/2022,4027,2526,2246,280,12630
ST08,10/25/2022,7974,6011,5461,550,30055
ST08,10/26/2022,6242,6032,5365,667,30160
ST08,10/27/2022,7039,3201,2411,790,16005
ST08,10/28/2022,4554,3046,2496,550,15230
ST08,10/29/2022,8864,8233,7514,719,41165
ST08,10/30/2022,9641,5972,5117,855,29860
ST08,10/31/2022,9267,8099,5746,2353,40495
ST08,11/1/2022,9508,3643,3078,565,18215
ST08,11/2/2022,3618,2086,1596,490,10430
ST08,11/3/2022,7929,6838,5604,1234,34190
ST08,11/4/2022,4225,1428,1027,401,7140
ST08,11/5/2022,4415,2086,1612,474,10430
ST08,11/6/2022,6017,2274,1662,612,11370
ST08,11/7/2022,3913,2960,2551,409,14800
ST08,11/8/2022,8253,8010,5669,2341,40050
ST08,11/9/2022,3298,3012,2641,371,15060
ST08,11/10/2022,4863,2251,1582,669,11255
ST08,11/11/2022,6066,5084,3630,1454,25420
ST08,11/12/2022,5826,1071,983,88,5355
ST08,11/13/2022,3839,2056,1887,169,10280
ST08,11/14/2022,6713,1294,1075,219,6470
ST08,11/15/2022,4329,3809,3320,489,19045
ST08,11/16/2022,4449,777,651,126,3885
ST08,11/17/2022,9118,5006,3591,1415,25030
ST08,11/18/2022,5120,2815,2350,465,14075
ST08,11/19/2022,4959,3986,3243,743,19930
ST08,11/20/2022,7755,1237,893,344,6185
ST08,11/21/2022,8393,7656,6488,1168,38280
ST08,11/22/2022,7419,6552,5938,614,32760
ST08,11/23/2022,6688,4437,3318,1119,22185
ST08,11/24/2022,4979,1482,1110,372,7410
ST08,11/25/2022,4558,2142,1915,227,10710
ST08,11/26/2022,9549,2012,1740,272,10060
ST08,11/27/2022,3848,3248,2846,402,16240
ST08,11/28/2022,3136,2250,1653,597,11250
ST08,11/29/2022,9310,2471,2003,468,12355
ST08,11/30/2022,5339,4050,3300,750,20250
ST08,12/1/2022,5634,2025,1528,497,10125
ST08,12/2/2022,6117,1837,1558,279,9185
ST08,12/3/2022,6810,1071,929,142,5355
ST08,12/4/2022,3397,2063,1871,192,10315
ST08,12/5/2022,6811,3791,2918,873,18955
ST08,12/6/2022,6778,2405,2030,375,12025
ST08,12/7/2022,8740,6807,6167,640,34035
ST08,12/8/2022,5424,3789,2975,814,18945
ST08,12/9/2022,9241,4798,3963,835,23990
ST08,12/10/2022,7724,3104,2724,380,15520
ST08,12/11/2022,4370,2894,2642,252,14470
ST08,12/12/2022,7185,1048,904,144,5240
ST08,12/13/2022,7856,2900,2528,372,14500
ST08,12/14/2022,3813,1783,1456,327,8915
ST08,12/15/2022,7453,5518,4785,733,27590
ST08,12/16/2022,8123,4361,3312,1049,21805
ST08,12/17/2022,8182,7341,6433,908,36705
ST08,12/18/2022,9455,7371,5239,2132,36855
ST08,12/19/2022,5170,1362,1232,130,6810
ST08,12/20/2022,4205,1314,1074,240,6570
ST08,12/21/2022,9028,1942,1490,452,9710
ST08,12/22/2022,3415,1648,1435,213,8240
ST08,12/23/2022,4819,4139,3540,599,20695
ST08,12/24/2022,7107,1866,1670,196,9330
ST08,12/25/2022,3053,2710,2082,628,13550
ST08,12/26/2022,9308,3781,2792,989,18905
ST08,12/27/2022,5814,4453,3984,469,22265
ST08,12/28/2022,8831,3428,2890,538,17140
ST08,12/29/2022,6737,4771,3957,814,23855
ST08,12/30/2022,4837,4689,4183,506,23445
ST08,12/31/2022,8987,3808,3193,615,19040
ST09,1/1/2022,4680,2592,1935,657,12960
ST09,1/2/2022,6680,778,691,87,3890
ST09,1/3/2022,3937,801,720,81,4005
ST09,1/4/2022,6484,5453,4672,781,27265
ST09,1/5/2022,6675,5161,4495,666,25805
ST09,1/6/2022,5579,2961,2442,519,14805
ST09,1/7/2022,8082,5349,3877,1472,26745
ST09,1/8/2022,6071,3460,2711,749,17300
ST09,1/9/2022,6571,5707,4909,798,28535
ST09,1/10/2022,9796,1183,1026,157,5915
ST09,1/11/2022,5970,4211,3564,647,21055
ST09,1/12/2022,8367,2779,2424,355,13895
ST09,1/13/2022,3627,2930,2179,751,14650
ST09,1/14/2022,3303,3059,2773,286,15295
ST09,1/15/2022,4974,2713,2004,709,13565
ST09,1/16/2022,5948,4980,4317,663,24900
ST09,1/17/2022,4662,2553,1956,597,12765
ST09,1/18/2022,3768,1161,819,342,5805
ST09,1/19/2022,4310,3378,2984,394,16890
ST09,1/20/2022,4998,3451,2733,718,17255
ST09,1/21/2022,7605,6725,5638,1087,33625
ST09,1/22/2022,4758,1123,918,205,5615
ST09,1/23/2022,3133,2988,2264,724,14940
ST09,1/24/2022,5706,1557,1372,185,7785
ST09,1/25/2022,6839,4363,3372,991,21815
ST09,1/26/2022,4341,666,499,167,3330
ST09,1/27/2022,6760,4885,3965,920,24425
ST09,1/28/2022,4460,3697,2615,1082,18485
ST09,1/29/2022,9097,5975,4388,1587,29875
ST09,1/30/2022,7702,5453,3883,1570,27265
ST09,1/31/2022,3645,3405,2964,441,17025
ST09,2/1/2022,5398,3168,2831,337,15840
ST09,2/2/2022,3202,530,449,81,2650
ST09,2/3/2022,7627,4177,3376,801,20885
ST09,2/4/2022,7048,4961,4557,404,24805
ST09,2/5/2022,6641,5399,4041,1358,26995
ST09,2/6/2022,8056,1818,1295,523,9090
ST09,2/7/2022,3888,1352,1242,110,6760
ST09,2/8/2022,9587,3991,3180,811,19955
ST09,2/9/2022,6359,5370,4037,1333,26850
ST09,2/10/2022,5216,3659,3230,429,18295
ST09,2/11/2022,9768,7708,5459,2249,38540
ST09,2/12/2022,8145,7142,5866,1276,35710
ST09,2/13/2022,3760,605,469,136,3025
ST09,2/14/2022,5370,1716,1479,237,8580
ST09,2/15/2022,8073,2138,1603,535,10690
ST09,2/16/2022,9209,3118,2201,917,15590
ST09,2/17/2022,4141,1802,1523,279,9010
ST09,2/18/2022,8074,4358,3960,398,21790
ST09,2/19/2022,7237,6495,5023,1472,32475
ST09,2/20/2022,8872,4025,3071,954,20125
ST09,2/21/2022,9080,6367,5524,843,31835
ST09,2/22/2022,8800,3539,2724,815,17695
ST09,2/23/2022,4253,4063,3086,977,20315
ST09,2/24/2022,9916,3648,2654,994,18240
ST09,2/25/2022,3612,2075,1662,413,10375
ST09,2/26/2022,6827,1321,1153,168,6605
ST09,2/27/2022,3872,2749,2309,440,13745
ST09,2/28/2022,7321,1251,930,321,6255
ST09,3/1/2022,5439,1047,917,130,5235
ST09,3/2/2022,3384,2158,1708,450,10790
ST09,3/3/2022,8310,4877,4175,702,24385
ST09,3/4/2022,4733,2004,1467,537,10020
ST09,3/5/2022,6892,5742,4602,1140,28710
ST09,3/6/2022,9093,7440,6210,1230,37200
ST09,3/7/2022,9018,3926,3523,403,19630
ST09,3/8/2022,7402,7204,5053,2151,36020
ST09,3/9/2022,3452,2921,2630,291,14605
ST09,3/10/2022,7769,4622,4177,445,23110
ST09,3/11/2022,8564,2862,2026,836,14310
ST09,3/12/2022,8142,1793,1355,438,8965
ST09,3/13/2022,9861,2280,1865,415,11400
ST09,3/14/2022,8710,8162,7431,731,40810
ST09,3/15/2022,8541,1112,1014,98,5560
ST09,3/16/2022,8538,2593,1879,714,12965
ST09,3/17/2022,9330,5431,3954,1477,27155
ST09,3/18/2022,9551,2050,1578,472,10250
ST09,3/19/2022,8763,3532,2775,757,17660
ST09,3/20/2022,9465,3788,3080,708,18940
ST09,3/21/2022,4780,3293,2800,493,16465
ST09,3/22/2022,4392,3061,2509,552,15305
ST09,3/23/2022,8641,8299,6083,2216,41495
ST09,3/24/2022,3568,2252,2058,194,11260
ST09,3/25/2022,5589,1791,1481,310,8955
ST09,3/26/2022,8766,6879,5708,1171,34395
ST09,3/27/2022,5738,2546,2079,467,12730
ST09,3/28/2022,3238,2342,1753,589,11710
ST09,3/29/2022,6828,3089,2435,654,15445
ST09,3/30/2022,9058,1376,1158,218,6880
ST09,3/31/2022,4126,775,679,96,3875
ST09,4/1/2022,5597,3502,2641,861,17510
ST09,4/2/2022,6106,2052,1714,338,10260
ST09,4/3/2022,5402,904,707,197,4520
ST09,4/4/2022,6594,1954,1659,295,9770
ST09,4/5/2022,3863,1748,1596,152,8740
ST09,4/6/2022,5387,1147,803,344,5735
ST09,4/7/2022,4601,2369,2160,209,11845
ST09,4/8/2022,8568,6613,5900,713,33065
ST09,4/9/2022,8410,2008,1630,378,10040
ST09,4/10/2022,4800,2672,1910,762,13360
ST09,4/11/2022,4977,1591,1423,168,7955
ST09,4/12/2022,8809,4163,2952,1211,20815
ST09,4/13/2022,3898,3652,2983,669,18260
ST09,4/14/2022,8810,6300,4500,1800,31500
ST09,4/15/2022,6541,4557,3610,947,22785
ST09,4/16/2022,5365,3474,3182,292,17370
ST09,4/17/2022,6637,6386,5218,1168,31930
ST09,4/18/2022,6348,3948,3603,345,19740
ST09,4/19/2022,6725,2741,2089,652,13705
ST09,4/20/2022,9044,4281,3086,1195,21405
ST09,4/21/2022,4498,3888,3338,550,19440
ST09,4/22/2022,8369,6821,5751,1070,34105
ST09,4/23/2022,6388,3143,2559,584,15715
ST09,4/24/2022,7801,6048,5220,828,30240
ST09,4/25/2022,3939,695,638,57,3475
ST09,4/26/2022,8047,1658,1392,266,8290
ST09,4/27/2022,4799,2665,2132,533,13325
ST09,4/28/2022,5940,3436,2694,742,17180
ST09,4/29/2022,6585,5288,4077,1211,26440
ST09,4/30/2022,6653,4049,2988,1061,20245
ST09,5/1/2022,9327,6702,5574,1128,33510
ST09,5/2/2022,9681,8005,7186,819,40025
ST09,5/3/2022,9142,5118,4617,501,25590
ST09,5/4/2022,5448,1482,1055,427,7410
ST09,5/5/2022,7985,4462,3314,1148,22310
ST09,5/6/2022,7182,6932,6011,921,34660
ST09,5/7/2022,5438,3999,3593,406,19995
ST09,5/8/2022,8921,3948,2990,958,19740
ST09,5/9/2022,6198,2433,2222,211,12165
ST09,5/10/2022,9000,6050,4962,1088,30250
ST09,5/11/2022,5700,2289,1951,338,11445
ST09,5/12/2022,8191,5906,4367,1539,29530
ST09,5/13/2022,5996,3157,2643,514,15785
ST09,5/14/2022,6164,2945,2321,624,14725
ST09,5/15/2022,6734,3173,2726,447,15865
ST09,5/16/2022,8030,1629,1286,343,8145
ST09,5/17/2022,3052,2590,2153,437,12950
ST09,5/18/2022,5249,1650,1514,136,8250
ST09,5/19/2022,4425,1384,1036,348,6920
ST09,5/20/2022,7230,5970,5192,778,29850
ST09,5/21/2022,7382,6725,5883,842,33625
ST09,5/22/2022,4916,1197,977,220,5985
ST09,5/23/2022,4756,2037,1747,290,10185
ST09,5/24/2022,3878,2906,2169,737,14530
ST09,5/25/2022,3040,975,843,132,4875
ST09,5/26/2022,3308,1880,1540,340,9400
ST09,5/27/2022,3032,1142,816,326,5710
ST09,5/28/2022,5901,652,504,148,3260
ST09,5/29/2022,7289,4367,3828,539,21835
ST09,5/30/2022,9997,8585,7336,1249,42925
ST09,5/31/2022,3515,1041,947,94,5205
ST09,6/1/2022,5720,3594,3280,314,17970
ST09,6/2/2022,8864,7126,5708,1418,35630
ST09,6/3/2022,9596,2953,2479,474,14765
ST09,6/4/2022,8880,2199,1628,571,10995
ST09,6/5/2022,5940,2415,1822,593,12075
ST09,6/6/2022,9233,8810,7714,1096,44050
ST09,6/7/2022,5071,2845,2545,300,14225
ST09,6/8/2022,9898,9522,7191,2331,47610
ST09,6/9/2022,7897,1828,1572,256,9140
ST09,6/10/2022,7169,3249,2541,708,16245
ST09,6/11/2022,3424,3288,2768,520,16440
ST09,6/12/2022,4029,3471,3078,393,17355
ST09,6/13/2022,7725,1992,1618,374,9960
ST09,6/14/2022,6546,5823,4213,1610,29115
ST09,6/15/2022,9926,6871,5731,1140,34355
ST09,6/16/2022,8287,5186,4003,1183,25930
ST09,6/17/2022,6003,4214,3212,1002,21070
ST09,6/18/2022,3237,1758,1386,372,8790
ST09,6/19/2022,7186,6350,4713,1637,31750
ST09,6/20/2022,5352,1956,1375,581,9780
ST09,6/21/2022,9446,1612,1446,166,8060
ST09,6/22/2022,6742,1631,1372,259,8155
ST09,6/23/2022,7814,7388,6455,933,36940
ST09,6/24/2022,5128,2260,1923,337,11300
ST09,6/25/2022,7587,6222,4451,1771,31110
ST09,6/26/2022,6325,3531,2680,851,17655
ST09,6/27/2022,6924,2240,1655,585,11200
ST09,6/28/2022,6414,2105,1741,364,10525
ST09,6/29/2022,8342,1271,1099,172,6355
ST09,6/30/2022,6735,6048,4882,1166,30240
ST09,7/1/2022,9917,7106,5835,1271,35530
ST09,7/2/2022,3413,2913,2170,743,14565
ST09,7/3/2022,5106,3751,3276,475,18755
ST09,7/4/2022,3490,1410,1187,223,7050
ST09,7/5/2022,6480,6218,4370,1848,31090
ST09,7/6/2022,5936,2469,1979,490,12345
ST09,7/7/2022,3030,2148,1557,591,10740
ST09,7/8/2022,9176,4005,3242,763,20025
ST09,7/9/2022,7479,3110,2663,447,15550
ST09,7/10/2022,6923,2675,2293,382,13375
ST09,7/11/2022,8741,8436,7458,978,42180
ST09,7/12/2022,8548,5928,4870,1058,29640
ST09,7/13/2022,5650,5225,4381,844,26125
ST09,7/14/2022,6884,5553,5092,461,27765
ST09,7/15/2022,7935,4539,3813,726,22695
ST09,7/16/2022,8917,6666,5710,956,33330
ST09,7/17/2022,7936,7666,6472,1194,38330
ST09,7/18/2022,3197,2913,2629,284,14565
ST09,7/19/2022,5765,5380,4860,520,26900
ST09,7/20/2022,5013,986,754,232,4930
ST09,7/21/2022,4769,4659,3960,699,23295
ST09,7/22/2022,7852,974,682,292,4870
ST09,7/23/2022,9426,9156,8224,932,45780
ST09,7/24/2022,5944,1856,1309,547,9280
ST09,7/25/2022,6676,4682,3453,1229,23410
ST09,7/26/2022,5141,1292,1154,138,6460
ST09,7/27/2022,3690,1555,1109,446,7775
ST09,7/28/2022,7235,6685,5449,1236,33425
ST09,7/29/2022,6885,6712,5891,821,33560
ST09,7/30/2022,8072,4961,4002,959,24805
ST09,7/31/2022,5451,5040,3693,1347,25200
ST09,8/1/2022,4581,1929,1731,198,9645
ST09,8/2/2022,4713,3261,2344,917,16305
ST09,8/3/2022,7505,6361,4494,1867,31805
ST09,8/4/2022,6620,1380,1080,300,6900
ST09,8/5/2022,4245,3733,2874,859,18665
ST09,8/6/2022,6662,2344,2122,222,11720
ST09,8/7/2022,9957,2580,2339,241,12900
ST09,8/8/2022,9155,1822,1455,367,9110
ST09,8/9/2022,7464,5376,4741,635,26880
ST09,8/10/2022,7084,2050,1572,478,10250
ST09,8/11/2022,3420,526,444,82,2630
ST09,8/12/2022,7857,2161,1720,441,10805
ST09,8/13/2022,4903,4343,3148,1195,21715
ST09,8/14/2022,4073,747,674,73,3735
ST09,8/15/2022,9942,6158,5271,887,30790
ST09,8/16/2022,4912,4139,3617,522,20695
ST09,8/17/2022,9787,5521,3914,1607,27605
ST09,8/18/2022,6115,2602,2009,593,13010
ST09,8/19/2022,6584,1466,1320,146,7330
ST09,8/20/2022,8697,1771,1375,396,8855
ST09,8/21/2022,7637,1900,1674,226,9500
ST09,8/22/2022,7831,1395,1242,153,6975
ST09,8/23/2022,6633,4887,3690,1197,24435
ST09,8/24/2022,5636,4280,3599,681,21400
ST09,8/25/2022,4511,2432,1857,575,12160
ST09,8/26/2022,3796,1820,1347,473,9100
ST09,8/27/2022,5559,2735,2001,734,13675
ST09,8/28/2022,5254,2419,1901,518,12095
ST09,8/29/2022,5017,4318,3659,659,21590
ST09,8/30/2022,8826,3615,2619,996,18075
ST09,8/31/2022,7948,5187,4443,744,25935
ST09,9/1/2022,9467,5237,4526,711,26185
ST09,9/2/2022,5345,4772,3936,836,23860
ST09,9/3/2022,9547,7906,7235,671,39530
ST09,9/4/2022,7544,5591,5013,578,27955
ST09,9/5/2022,9811,7156,6080,1076,35780
ST09,9/6/2022,4425,1221,935,286,6105
ST09,9/7/2022,7204,4016,3037,979,20080
ST09,9/8/2022,9427,6175,5457,718,30875
ST09,9/9/2022,3727,3438,2880,558,17190
ST09,9/10/2022,8293,2800,2336,464,14000
ST09,9/11/2022,6243,3279,2710,569,16395
ST09,9/12/2022,7882,6475,4557,1918,32375
ST09,9/13/2022,4248,1791,1614,177,8955
ST09,9/14/2022,8242,7241,6187,1054,36205
ST09,9/15/2022,5098,2392,1970,422,11960
ST09,9/16/2022,4268,4164,3227,937,20820
ST09,9/17/2022,4913,693,504,189,3465
ST09,9/18/2022,8241,3233,2894,339,16165
ST09,9/19/2022,4534,2083,1479,604,10415
ST09,9/20/2022,5893,2711,2253,458,13555
ST09,9/21/2022,5970,5005,3614,1391,25025
ST09,9/22/2022,4826,3676,3336,340,18380
ST09,9/23/2022,7631,4020,3561,459,20100
ST09,9/24/2022,4168,1567,1325,242,7835
ST09,9/25/2022,8690,5383,4537,846,26915
ST09,9/26/2022,3805,2417,1697,720,12085
ST09,9/27/2022,5473,4287,3844,443,21435
ST09,9/28/2022,7557,7385,5771,1614,36925
ST09,9/29/2022,7318,4231,3730,501,21155
ST09,9/30/2022,8231,4297,3310,987,21485
ST09,10/1/2022,3605,2617,2043,574,13085
ST09,10/2/2022,4479,3861,3376,485,19305
ST09,10/3/2022,8436,7645,6129,1516,38225
ST09,10/4/2022,6343,3506,3165,341,17530
ST09,10/5/2022,7508,2752,2430,322,13760
ST09,10/6/2022,9887,7858,7083,775,39290
ST09,10/7/2022,8456,8010,6876,1134,40050
ST09,10/8/2022,8766,6645,5809,836,33225
ST09,10/9/2022,5042,3688,2857,831,18440
ST09,10/10/2022,6218,3560,2703,857,17800
ST09,10/11/2022,6017,1306,1164,142,6530
ST09,10/12/2022,9281,6357,5754,603,31785
ST09,10/13/2022,5710,4863,4267,596,24315
ST09,10/14/2022,5790,2059,1625,434,10295
ST09,10/15/2022,7645,4199,2942,1257,20995
ST09,10/16/2022,5348,3718,2840,878,18590
ST09,10/17/2022,3326,1737,1466,271,8685
ST09,10/18/2022,3922,3519,3119,400,17595
ST09,10/19/2022,6088,5095,4072,1023,25475
ST09,10/20/2022,5899,5645,4909,736,28225
ST09,10/21/2022,9519,9143,8030,1113,45715
ST09,10/22/2022,8076,7850,5936,1914,39250
ST09,10/23/2022,5227,2320,1714,606,11600
ST09,10/24/2022,5919,2224,2045,179,11120
ST09,10/25/2022,3465,2608,2094,514,13040
ST09,10/26/2022,3863,3057,2671,386,15285
ST09,10/27/2022,3696,1023,885,138,5115
ST09,10/28/2022,4960,1350,1191,159,6750
ST09,10/29/2022,6747,3477,2495,982,17385
ST09,10/30/2022,4815,2946,2074,872,14730
ST09,10/31/2022,8043,1977,1677,300,9885
ST09,11/1/2022,5564,2421,1963,458,12105
ST09,11/2/2022,8644,3777,3309,468,18885
ST09,11/3/2022,4714,2486,2022,464,12430
ST09,11/4/2022,5909,4093,3536,557,20465
ST09,11/5/2022,7450,1642,1371,271,8210
ST09,11/6/2022,8348,4544,3709,835,22720
ST09,11/7/2022,9955,3614,3300,314,18070
ST09,11/8/2022,8376,1426,1014,412,7130
ST09,11/9/2022,8936,1907,1374,533,9535
ST09,11/10/2022,7651,4563,3424,1139,22815
ST09,11/11/2022,3220,1024,917,107,5120
ST09,11/12/2022,4067,2016,1484,532,10080
ST09,11/13/2022,8155,7146,6164,982,35730
ST09,11/14/2022,4231,2421,1837,584,12105
ST09,11/15/2022,5927,4386,3590,796,21930
ST09,11/16/2022,3593,711,645,66,3555
ST09,11/17/2022,8224,1975,1716,259,9875
ST09,11/18/2022,9710,6153,4354,1799,30765
ST09,11/19/2022,6594,2852,2307,545,14260
ST09,11/20/2022,3838,2728,2225,503,13640
ST09,11/21/2022,8172,1291,926,365,6455
ST09,11/22/2022,4368,1688,1372,316,8440
ST09,11/23/2022,5011,3278,2371,907,16390
ST09,11/24/2022,5601,932,800,132,4660
ST09,11/25/2022,5079,1403,993,410,7015
ST09,11/26/2022,3766,3473,2699,774,17365
ST09,11/27/2022,4698,3648,3024,624,18240
ST09,11/28/2022,7343,5589,4903,686,27945
ST09,11/29/2022,8636,1497,1304,193,7485
ST09,11/30/2022,5056,3305,2627,678,16525
ST09,12/1/2022,6266,1906,1413,493,9530
ST09,12/2/2022,9281,3576,3042,534,17880
ST09,12/3/2022,9529,3975,3203,772,19875
ST09,12/4/2022,6659,5454,4396,1058,27270
ST09,12/5/2022,9133,7253,6213,1040,36265
ST09,12/6/2022,3637,2460,1807,653,12300
ST09,12/7/2022,5910,4443,3880,563,22215
ST09,12/8/2022,5194,2535,2216,319,12675
ST09,12/9/2022,6041,4408,3303,1105,22040
ST09,12/10/2022,9273,6839,5200,1639,34195
ST09,12/11/2022,7425,6929,5185,1744,34645
ST09,12/12/2022,8269,7072,6414,658,35360
ST09,12/13/2022,3520,522,442,80,2610
ST09,12/14/2022,8787,7057,5777,1280,35285
ST09,12/15/2022,9611,2658,2162,496,13290
ST09,12/16/2022,8736,5479,4752,727,27395
ST09,12/17/2022,6002,822,584,238,4110
ST09,12/18/2022,4975,3204,2628,576,16020
ST09,12/19/2022,7585,6287,5757,530,31435
ST09,12/20/2022,8129,7089,6225,864,35445
ST09,12/21/2022,3650,1158,930,228,5790
ST09,12/22/2022,8051,3655,2742,913,18275
ST09,12/23/2022,9193,3556,3219,337,17780
ST09,12/24/2022,9636,7686,5403,2283,38430
ST09,12/25/2022,4478,3437,2860,577,17185
ST09,12/26/2022,6540,2390,1738,652,11950
ST09,12/27/2022,3144,834,628,206,4170
ST09,12/28/2022,5580,3940,2942,998,19700
ST09,12/29/2022,5232,4133,3630,503,20665
ST09,12/30/2022,8527,2641,2294,347,13205
ST09,12/31/2022,6259,3414,3046,368,17070
ST10,1/1/2022,6614,3955,3152,803,19775
ST10,1/2/2022,9853,5364,4749,615,26820
ST10,1/3/2022,6250,3668,2762,906,18340
ST10,1/4/2022,4752,4091,2887,1204,20455
ST10,1/5/2022,4767,2408,1985,423,12040
ST10,1/6/2022,3676,3175,2860,315,15875
ST10,1/7/2022,7816,5610,4735,875,28050
ST10,1/8/2022,4879,3582,2960,622,17910
ST10,1/9/2022,6016,3288,2533,755,16440
ST10,1/10/2022,8051,5642,4172,1470,28210
ST10,1/11/2022,7798,2733,2245,488,13665
ST10,1/12/2022,6361,4511,3787,724,22555
ST10,1/13/2022,3385,1835,1641,194,9175
ST10,1/14/2022,6973,3903,3499,404,19515
ST10,1/15/2022,4988,4269,3869,400,21345
ST10,1/16/2022,4775,2533,2245,288,12665
ST10,1/17/2022,3361,1373,1192,181,6865
ST10,1/18/2022,9476,5919,5245,674,29595
ST10,1/19/2022,6815,5787,4102,1685,28935
ST10,1/20/2022,8796,4512,4068,444,22560
ST10,1/21/2022,9555,5623,4765,858,28115
ST10,1/22/2022,6122,4263,3682,581,21315
ST10,1/23/2022,7636,854,728,126,4270
ST10,1/24/2022,9820,3425,2792,633,17125
ST10,1/25/2022,5615,5350,4400,950,26750
ST10,1/26/2022,3574,3101,2263,838,15505
ST10,1/27/2022,6799,3663,2584,1079,18315
ST10,1/28/2022,9763,6126,4962,1164,30630
ST10,1/29/2022,4554,524,372,152,2620
ST10,1/30/2022,8635,1545,1258,287,7725
ST10,1/31/2022,9654,2026,1459,567,10130
ST10,2/1/2022,9051,7624,5436,2188,38120
ST10,2/2/2022,5171,4981,4050,931,24905
ST10,2/3/2022,6154,5548,4474,1074,27740
ST10,2/4/2022,7249,6938,5442,1496,34690
ST10,2/5/2022,7113,2219,1660,559,11095
ST10,2/6/2022,3848,1223,1081,142,6115
ST10,2/7/2022,7235,857,683,174,4285
ST10,2/8/2022,3964,1979,1779,200,9895
ST10,2/9/2022,4715,4363,3056,1307,21815
ST10,2/10/2022,6339,4450,3839,611,22250
ST10,2/11/2022,6521,4793,3986,807,23965
ST10,2/12/2022,4942,4604,3535,1069,23020
ST10,2/13/2022,4233,4028,2975,1053,20140
ST10,2/14/2022,4635,779,646,133,3895
ST10,2/15/2022,9479,8935,6378,2557,44675
ST10,2/16/2022,5898,2575,2329,246,12875
ST10,2/17/2022,7066,5257,4363,894,26285
ST10,2/18/2022,4104,1918,1568,350,9590
ST10,2/19/2022,3539,1284,1048,236,6420
ST10,2/20/2022,7763,7224,5547,1677,36120
ST10,2/21/2022,8215,3188,2869,319,15940
ST10,2/22/2022,9386,6779,4769,2010,33895
ST10,2/23/2022,5947,3108,2189,919,15540
ST10,2/24/2022,4708,1006,790,216,5030
ST10,2/25/2022,7980,1261,1063,198,6305
ST10,2/26/2022,3233,1099,883,216,5495
ST10,2/27/2022,8408,4417,3702,715,22085
ST10,2/28/2022,6373,4553,4092,461,22765
ST10,3/1/2022,7783,3895,3147,748,19475
ST10,3/2/2022,7155,1308,1090,218,6540
ST10,3/3/2022,4328,3296,2686,610,16480
ST10,3/4/2022,3939,2046,1583,463,10230
ST10,3/5/2022,9722,5810,4596,1214,29050
ST10,3/6/2022,6080,2020,1461,559,10100
ST10,3/7/2022,4256,2062,1443,619,10310
ST10,3/8/2022,6191,3666,3294,372,18330
ST10,3/9/2022,6882,1276,1087,189,6380
ST10,3/10/2022,7258,5013,4389,624,25065
ST10,3/11/2022,4450,2217,1986,231,11085
ST10,3/12/2022,5444,1192,924,268,5960
ST10,3/13/2022,5733,3599,2647,952,17995
ST10,3/14/2022,4059,2604,2277,327,13020
ST10,3/15/2022,9806,3209,2574,635,16045
ST10,3/16/2022,8088,953,745,208,4765
ST10,3/17/2022,8277,5155,3826,1329,25775
ST10,3/18/2022,9255,8241,6187,2054,41205
ST10,3/19/2022,7607,4719,3866,853,23595
ST10,3/20/2022,9681,3976,2996,980,19880
ST10,3/21/2022,9659,6798,6064,734,33990
ST10,3/22/2022,5580,3232,2702,530,16160
ST10,3/23/2022,5513,4873,3993,880,24365
ST10,3/24/2022,4051,1697,1473,224,8485
ST10,3/25/2022,8644,3962,2996,966,19810
ST10,3/26/2022,7738,4373,3804,569,21865
ST10,3/27/2022,8852,6634,6008,626,33170
ST10,3/28/2022,6090,1607,1190,417,8035
ST10,3/29/2022,3885,2423,2166,257,12115
ST10,3/30/2022,5239,2164,1938,226,10820
ST10,3/31/2022,6631,2873,2183,690,14365
ST10,4/1/2022,8199,4429,4006,423,22145
ST10,4/2/2022,6613,2433,2158,275,12165
ST10,4/3/2022,3270,2247,1843,404,11235
ST10,4/4/2022,6185,2530,2093,437,12650
ST10,4/5/2022,5494,5302,4206,1096,26510
ST10,4/6/2022,5620,1197,1025,172,5985
ST10,4/7/2022,8494,8203,6977,1226,41015
ST10,4/8/2022,5446,2068,1465,603,10340
ST10,4/9/2022,6091,4064,3199,865,20320
ST10,4/10/2022,9261,3520,2897,623,17600
ST10,4/11/2022,5288,1202,931,271,6010
ST10,4/12/2022,4065,1277,1168,109,6385
ST10,4/13/2022,4855,952,690,262,4760
ST10,4/14/2022,8022,4678,3463,1215,23390
ST10,4/15/2022,6680,2641,2016,625,13205
ST10,4/16/2022,5587,2556,2125,431,12780
ST10,4/17/2022,8333,2164,1794,370,10820
ST10,4/18/2022,4140,1629,1265,364,8145
ST10,4/19/2022,6755,4608,3902,706,23040
ST10,4/20/2022,7565,1872,1408,464,9360
ST10,4/21/2022,9742,6416,5774,642,32080
ST10,4/22/2022,9725,5659,4410,1249,28295
ST10,4/23/2022,4756,2881,2114,767,14405
ST10,4/24/2022,3731,3129,2664,465,15645
ST10,4/25/2022,5062,4233,3199,1034,21165
ST10,4/26/2022,8625,2682,2169,513,13410
ST10,4/27/2022,4624,3482,2931,551,17410
ST10,4/28/2022,6819,4050,3015,1035,20250
ST10,4/29/2022,4764,1120,1026,94,5600
ST10,4/30/2022,7864,2328,2040,288,11640
ST10,5/1/2022,3318,2580,1835,745,12900
ST10,5/2/2022,7089,2579,2033,546,12895
ST10,5/3/2022,6103,4612,4222,390,23060
ST10,5/4/2022,3885,1839,1508,331,9195
ST10,5/5/2022,3192,2202,1875,327,11010
ST10,5/6/2022,5865,839,666,173,4195
ST10,5/7/2022,5856,2062,1747,315,10310
ST10,5/8/2022,7629,6959,5938,1021,34795
ST10,5/9/2022,7420,2078,1656,422,10390
ST10,5/10/2022,4532,3128,2232,896,15640
ST10,5/11/2022,6802,3333,2442,891,16665
ST10,5/12/2022,9476,6265,4669,1596,31325
ST10,5/13/2022,9728,6237,5443,794,31185
ST10,5/14/2022,8600,1967,1690,277,9835
ST10,5/15/2022,7726,6354,5691,663,31770
ST10,5/16/2022,5596,3894,3124,770,19470
ST10,5/17/2022,8898,7085,5744,1341,35425
ST10,5/18/2022,6045,1609,1215,394,8045
ST10,5/19/2022,7232,4769,3987,782,23845
ST10,5/20/2022,6276,2062,1815,247,10310
ST10,5/21/2022,8943,6721,5910,811,33605
ST10,5/22/2022,3308,2605,1882,723,13025
ST10,5/23/2022,4498,3115,2586,529,15575
ST10,5/24/2022,7051,5166,4493,673,25830
ST10,5/25/2022,9282,2814,2169,645,14070
ST10,5/26/2022,7492,7301,5924,1377,36505
ST10,5/27/2022,5602,1417,1026,391,7085
ST10,5/28/2022,6977,3313,2722,591,16565
ST10,5/29/2022,4790,2721,2413,308,13605
ST10,5/30/2022,7001,5463,4874,589,27315
ST10,5/31/2022,3604,2818,2325,493,14090
ST10,6/1/2022,9035,5967,4740,1227,29835
ST10,6/2/2022,9314,1397,1202,195,6985
ST10,6/3/2022,3935,2258,2038,220,11290
ST10,6/4/2022,4839,2037,1653,384,10185
ST10,6/5/2022,6837,3237,2490,747,16185
ST10,6/6/2022,5819,3149,2255,894,15745
ST10,6/7/2022,7443,944,867,77,4720
ST10,6/8/2022,5022,2978,2475,503,14890
ST10,6/9/2022,3240,1941,1768,173,9705
ST10,6/10/2022,5018,1644,1170,474,8220
ST10,6/11/2022,4644,3838,3017,821,19190
ST10,6/12/2022,5807,994,905,89,4970
ST10,6/13/2022,3914,1708,1495,213,8540
ST10,6/14/2022,7537,2922,2393,529,14610
ST10,6/15/2022,4724,3233,2629,604,16165
ST10,6/16/2022,7186,1000,703,297,5000
ST10,6/17/2022,5130,2653,2425,228,13265
ST10,6/18/2022,6858,4758,3835,923,23790
ST10,6/19/2022,8612,1352,1045,307,6760
ST10,6/20/2022,7360,920,704,216,4600
ST10,6/21/2022,7445,2292,1906,386,11460
ST10,6/22/2022,3891,606,552,54,3030
ST10,6/23/2022,4026,1875,1435,440,9375
ST10,6/24/2022,6400,5240,4215,1025,26200
ST10,6/25/2022,5440,643,575,68,3215
ST10,6/26/2022,6188,1259,1094,165,6295
ST10,6/27/2022,6782,1121,999,122,5605
ST10,6/28/2022,8025,4833,3839,994,24165
ST10,6/29/2022,7420,1498,1280,218,7490
ST10,6/30/2022,7781,2348,1921,427,11740
ST10,7/1/2022,7371,3707,3101,606,18535
ST10,7/2/2022,9162,6010,4924,1086,30050
ST10,7/3/2022,5539,4653,3316,1337,23265
ST10,7/4/2022,4155,3983,2955,1028,19915
ST10,7/5/2022,3937,2192,2007,185,10960
ST10,7/6/2022,9267,2754,2422,332,13770
ST10,7/7/2022,9546,7597,5841,1756,37985
ST10,7/8/2022,3826,2348,2061,287,11740
ST10,7/9/2022,3741,1808,1361,447,9040
ST10,7/10/2022,5915,993,790,203,4965
ST10,7/11/2022,8436,1132,942,190,5660
ST10,7/12/2022,7753,4630,3297,1333,23150
ST10,7/13/2022,6750,1862,1423,439,9310
ST10,7/14/2022,5451,4149,3402,747,20745
ST10,7/15/2022,7836,6171,5143,1028,30855
ST10,7/16/2022,6228,1973,1754,219,9865
ST10,7/17/2022,4963,4782,4093,689,23910
ST10,7/18/2022,8184,6796,4777,2019,33980
ST10,7/19/2022,4982,2107,1617,490,10535
ST10,7/20/2022,6934,5038,3779,1259,25190
ST10,7/21/2022,7064,2183,1620,563,10915
ST10,7/22/2022,3429,2652,2150,502,13260
ST10,7/23/2022,3863,3715,2781,934,18575
ST10,7/24/2022,5813,3449,2859,590,17245
ST10,7/25/2022,7935,3355,2489,866,16775
ST10,7/26/2022,7454,3193,2264,929,15965
ST10,7/27/2022,3608,2074,1780,294,10370
ST10,7/28/2022,8318,2628,2019,609,13140
ST10,7/29/2022,3892,2370,1766,604,11850
ST10,7/30/2022,8871,5877,4698,1179,29385
ST10,7/31/2022,7878,3950,3515,435,19750
ST10,8/1/2022,9018,8155,6213,1942,40775
ST10,8/2/2022,5048,2037,1808,229,10185
ST10,8/3/2022,4121,500,356,144,2500
ST10,8/4/2022,6272,4557,3978,579,22785
ST10,8/5/2022,9817,9466,7041,2425,47330
ST10,8/6/2022,8567,4095,3374,721,20475
ST10,8/7/2022,3591,1860,1495,365,9300
ST10,8/8/2022,9589,6497,4919,1578,32485
ST10,8/9/2022,4428,1749,1320,429,8745
ST10,8/10/2022,3134,1024,934,90,5120
ST10,8/11/2022,5181,2066,1526,540,10330
ST10,8/12/2022,8304,3566,3121,445,17830
ST10,8/13/2022,8501,4457,3375,1082,22285
ST10,8/14/2022,8933,6730,5246,1484,33650
ST10,8/15/2022,8116,3910,3551,359,19550
ST10,8/16/2022,7400,883,766,117,4415
ST10,8/17/2022,7760,5131,4386,745,25655
ST10,8/18/2022,4464,2888,2597,291,14440
ST10,8/19/2022,7224,5948,5160,788,29740
ST10,8/20/2022,9682,5567,4892,675,27835
ST10,8/21/2022,9557,8437,6818,1619,42185
ST10,8/22/2022,6637,1487,1064,423,7435
ST10,8/23/2022,3038,1621,1205,416,8105
ST10,8/24/2022,4542,886,643,243,4430
ST10,8/25/2022,9620,2794,2367,427,13970
ST10,8/26/2022,4695,1064,938,126,5320
ST10,8/27/2022,6122,4416,3726,690,22080
ST10,8/28/2022,3341,1295,1128,167,6475
ST10,8/29/2022,9814,6238,5212,1026,31190
ST10,8/30/2022,8213,4635,3588,1047,23175
ST10,8/31/2022,9070,6415,4903,1512,32075
ST10,9/1/2022,9999,7183,5697,1486,35915
ST10,9/2/2022,6983,4398,3827,571,21990
ST10,9/3/2022,5844,1980,1430,550,9900
ST10,9/4/2022,5106,1067,819,248,5335
ST10,9/5/2022,8286,5311,3804,1507,26555
ST10,9/6/2022,6395,1337,1186,151,6685
ST10,9/7/2022,4840,1034,761,273,5170
ST10,9/8/2022,7813,2143,1871,272,10715
ST10,9/9/2022,6690,6337,5093,1244,31685
ST10,9/10/2022,4689,519,450,69,2595
ST10,9/11/2022,4345,1257,1037,220,6285
ST10,9/12/2022,9282,1792,1300,492,8960
ST10,9/13/2022,6955,3723,3074,649,18615
ST10,9/14/2022,3176,1598,1346,252,7990
ST10,9/15/2022,4226,3503,2734,769,17515
ST10,9/16/2022,8059,6558,5204,1354,32790
ST10,9/17/2022,7004,3118,2459,659,15590
ST10,9/18/2022,7090,5932,5210,722,29660
ST10,9/19/2022,3589,2308,1846,462,11540
ST10,9/20/2022,3619,1433,1029,404,7165
ST10,9/21/2022,6998,2971,2545,426,14855
ST10,9/22/2022,7727,2726,1913,813,13630
ST10,9/23/2022,4559,2884,2110,774,14420
ST10,9/24/2022,8044,3393,2764,629,16965
ST10,9/25/2022,3796,2532,1854,678,12660
ST10,9/26/2022,9471,6669,4900,1769,33345
ST10,9/27/2022,4702,3856,2901,955,19280
ST10,9/28/2022,7166,5791,5264,527,28955
ST10,9/29/2022,6508,1855,1490,365,9275
ST10,9/30/2022,7437,1523,1326,197,7615
ST10,10/1/2022,6668,5474,4860,614,27370
ST10,10/2/2022,6449,3817,3205,612,19085
ST10,10/3/2022,5455,2001,1700,301,10005
ST10,10/4/2022,9775,6088,4353,1735,30440
ST10,10/5/2022,3398,887,641,246,4435
ST10,10/6/2022,3871,3505,3064,441,17525
ST10,10/7/2022,9509,2517,2136,381,12585
ST10,10/8/2022,9011,8019,6985,1034,40095
ST10,10/9/2022,3483,1235,991,244,6175
ST10,10/10/2022,9564,5122,4306,816,25610
ST10,10/11/2022,3540,2372,1889,483,11860
ST10,10/12/2022,5021,4777,4034,743,23885
ST10,10/13/2022,9027,8883,7995,888,44415
ST10,10/14/2022,4664,693,537,156,3465
ST10,10/15/2022,3723,2347,2033,314,11735
ST10,10/16/2022,7597,5547,4251,1296,27735
ST10,10/17/2022,5267,4676,3474,1202,23380
ST10,10/18/2022,7651,3766,3382,384,18830
ST10,10/19/2022,8526,1739,1482,257,8695
ST10,10/20/2022,7345,5956,5195,761,29780
ST10,10/21/2022,9756,1426,1058,368,7130
ST10,10/22/2022,4370,2599,2110,489,12995
ST10,10/23/2022,9653,2101,1651,450,10505
ST10,10/24/2022,9418,1177,957,220,5885
ST10,10/25/2022,5576,3018,2683,335,15090
ST10,10/26/2022,6580,6102,5306,796,30510
ST10,10/27/2022,7582,2941,2329,612,14705
ST10,10/28/2022,8794,5089,4558,531,25445
ST10,10/29/2022,7213,4591,3641,950,22955
ST10,10/30/2022,9470,3296,2619,677,16480
ST10,10/31/2022,7857,2455,1904,551,12275
ST10,11/1/2022,7278,3047,2680,367,15235
ST10,11/2/2022,7836,5604,3968,1636,28020
ST10,11/3/2022,9235,8939,6602,2337,44695
ST10,11/4/2022,8634,4289,3785,504,21445
ST10,11/5/2022,7663,3607,2948,659,18035
ST10,11/6/2022,9067,2444,2223,221,12220
ST10,11/7/2022,6939,2347,1945,402,11735
ST10,11/8/2022,4525,1499,1155,344,7495
ST10,11/9/2022,4322,3387,2541,846,16935
ST10,11/10/2022,9072,4723,4214,509,23615
ST10,11/11/2022,3987,3884,3048,836,19420
ST10,11/12/2022,7661,1796,1300,496,8980
ST10,11/13/2022,3188,2000,1481,519,10000
ST10,11/14/2022,6579,3046,2609,437,15230
ST10,11/15/2022,8774,5846,5339,507,29230
ST10,11/16/2022,8993,5643,4791,852,28215
ST10,11/17/2022,9092,4510,3649,861,22550
ST10,11/18/2022,7923,4460,3943,517,22300
ST10,11/19/2022,7025,6695,5386,1309,33475
ST10,11/20/2022,7765,4605,3887,718,23025
ST10,11/21/2022,9308,3863,2937,926,19315
ST10,11/22/2022,4833,2973,2600,373,14865
ST10,11/23/2022,9900,7516,6245,1271,37580
ST10,11/24/2022,4228,2086,1630,456,10430
ST10,11/25/2022,5037,2140,1770,370,10700
ST10,11/26/2022,7900,5468,4435,1033,27340
ST10,11/27/2022,6451,1393,1015,378,6965
ST10,11/28/2022,5485,4446,4052,394,22230
ST10,11/29/2022,3797,1694,1214,480,8470
ST10,11/30/2022,4891,3358,2560,798,16790
ST10,12/1/2022,9140,3989,2847,1142,19945
ST10,12/2/2022,9303,1182,935,247,5910
ST10,12/3/2022,9302,3959,2912,1047,19795
ST10,12/4/2022,5795,2072,1495,577,10360
ST10,12/5/2022,4379,4015,2818,1197,20075
ST10,12/6/2022,8921,4350,3838,512,21750
ST10,12/7/2022,6645,3011,2620,391,15055
ST10,12/8/2022,5772,830,729,101,4150
ST10,12/9/2022,3236,750,659,91,3750
ST10,12/10/2022,7726,1535,1362,173,7675
ST10,12/11/2022,9999,1832,1336,496,9160
ST10,12/12/2022,4990,3314,2577,737,16570
ST10,12/13/2022,9353,9172,7744,1428,45860
ST10,12/14/2022,3307,944,807,137,4720
ST10,12/15/2022,8999,6872,5033,1839,34360
ST10,12/16/2022,9508,7569,6443,1126,37845
ST10,12/17/2022,3859,3141,2405,736,15705
ST10,12/18/2022,5870,5261,3938,1323,26305
ST10,12/19/2022,7940,7590,6212,1378,37950
ST10,12/20/2022,5183,4549,3309,1240,22745
ST10,12/21/2022,7032,812,661,151,4060
ST10,12/22/2022,3619,714,504,210,3570
ST10,12/23/2022,7289,2424,2146,278,12120
ST10,12/24/2022,5437,4436,3737,699,22180
ST10,12/25/2022,3987,995,847,148,4975
ST10,12/26/2022,4683,1951,1490,461,9755
ST10,12/27/2022,9030,5741,4042,1699,28705
ST10,12/28/2022,5537,3363,3000,363,16815
ST10,12/29/2022,7556,6545,5525,1020,32725
ST10,12/30/2022,7636,5813,4726,1087,29065
ST10,12/31/2022,7163,4926,4250,676,24630
